id,price,bedrooms,bathrooms,sqft_living,sqft_lot,floors,waterfront,view,condition,grade,sqft_above,sqft_basement,yr_built,yr_renovated,zipcode,lat,long,sqft_living15,sqft_lot15,new_date,new_sqft_living,price_level
7129300520,221900.0,3.3708587821580602,1.0,1180,5650,1.0,True,0,3,98178,1180,0,1955,0,98178,47.5112,-122.257,1340,5650,201410,1180,1
6414100192,538000.0,3.0,2.25,2570,7242,2.0,True,0,3,98125,2170,400,1951,1991,98125,47.721000000000004,-122.319,1690,7639,201412,2570,3
5631500400,180000.0,2.0,1.0,770,10000,1.0,True,0,3,98028,770,0,1933,0,98028,47.7379,-122.23299999999999,2720,8062,201502,2720,1
2487200875,604000.0,4.0,3.0,1960,5000,1.0,True,0,5,98136,1050,910,1965,0,98136,47.5208,-122.39299999999999,1360,5000,201412,1960,3
1954400510,510000.0,3.0,2.0,1680,8080,1.0,True,0,3,98074,1680,0,1987,0,98074,47.6168,-122.045,1800,7503,201502,1800,3
7237550310,1230000.0,4.0,4.5,5420,101930,1.0,True,0,3,98053,3890,1530,2001,0,98053,47.6561,-122.005,4760,101930,201405,5420,3
1321400060,257500.0,3.0,2.25,1715,6819,2.0,True,0,3,98003,1715,0,1995,0,98003,47.3097,-122.32700000000001,2238,6819,201406,1715,2
2008000270,291850.0,3.0,1.5,1060,9711,1.0,True,0,3,98198,1060,0,1963,0,98198,47.4095,-122.315,1650,9711,201501,1650,2
2414600126,229500.0,3.0,1.0,1780,7470,1.0,True,0,3,98146,1050,730,1960,0,98146,47.5123,-122.337,1780,8113,201504,1780,1
3793500160,323000.0,3.0,2.5,1890,6560,2.0,True,0,3,98038,1890,0,2003,0,98038,47.3684,-122.031,2390,7570,201503,2390,2
1736800520,662500.0,3.0,2.5,3560,9796,1.0,True,0,3,98007,1860,1700,1965,0,98007,47.6007,-122.145,2210,8925,201504,2210,3
9212900260,468000.0,2.0,1.0,1160,6000,1.0,True,0,4,98115,860,300,1942,0,98115,47.69,-122.292,1330,6000,201405,1160,3
114101516,310000.0,3.0,1.0,1430,19901,1.5,True,0,4,98028,1430,0,1927,0,98028,47.7558,-122.229,1780,12697,201405,1430,2
6054650070,400000.0,3.0,1.75,1370,9680,1.0,True,0,4,98074,1370,0,1977,0,98074,47.6127,-122.045,1370,10208,201410,1370,2
1175000570,530000.0,5.0,2.0,1810,4850,1.5,True,0,3,98107,1810,0,1900,0,98107,47.67,-122.39399999999999,1360,4850,201503,1360,3
9297300055,650000.0,4.0,3.0,2950,5000,2.0,True,3,3,98126,1980,970,1979,0,98126,47.5714,-122.375,2140,4000,201501,2140,3
1875500060,395000.0,3.0,2.0,1890,14040,2.0,True,0,3,98019,1890,0,1994,0,98019,47.7277,-121.962,1890,14018,201407,1890,2
6865200140,485000.0,4.0,1.0,1600,4300,1.5,True,0,4,98103,1600,0,1916,0,98103,47.6648,-122.34299999999999,1610,4300,201405,1600,3
16000397,189000.0,2.0,1.0,1200,9850,1.0,True,0,4,98002,1200,0,1921,0,98002,47.3089,-122.21,1060,5095,201412,1200,1
7983200060,230000.0,3.0,1.0,1250,9774,1.0,True,0,4,98003,1250,0,1969,0,98003,47.3343,-122.306,1280,8850,201504,1280,1
6300500875,385000.0,4.0,1.75,1620,4980,1.0,True,0,4,98133,860,760,1947,0,98133,47.7025,-122.34100000000001,1400,4980,201405,1620,2
2524049179,2000000.0,3.0,2.75,3050,44867,1.0,True,4,3,98040,2330,720,1968,0,98040,47.5316,-122.23299999999999,4110,20336,201408,3050,3
7137970340,285000.0,5.0,2.5,2270,6300,2.0,True,0,3,98092,2270,0,1995,0,98092,47.3266,-122.169,2240,7005,201407,2270,2
8091400200,252700.0,2.0,1.5,1070,9643,1.0,True,0,3,98030,1070,0,1985,0,98030,47.3533,-122.166,1220,8386,201405,1070,2
3814700200,329000.0,3.0,2.25,2450,6500,2.0,True,0,4,98030,2450,0,1985,0,98030,47.3739,-122.17200000000001,2200,6865,201411,2450,2
1202000200,233000.0,3.0,2.0,1710,4697,1.5,True,0,5,98002,1710,0,1941,0,98002,47.3048,-122.21799999999999,1030,4705,201411,1710,1
1794500383,937000.0,3.0,1.75,2450,2691,2.0,True,0,3,98119,1750,700,1915,0,98119,47.6386,-122.36,1760,3573,201406,2450,3
3303700376,667000.0,3.0,1.0,1400,1581,1.5,True,0,5,98112,1400,0,1909,0,98112,47.6221,-122.314,1860,3861,201412,1400,3
5101402488,438000.0,3.0,1.75,1520,6380,1.0,True,0,3,98115,790,730,1948,0,98115,47.695,-122.304,1520,6235,201406,1520,3
1873100390,719000.0,4.0,2.5,2570,7173,2.0,True,0,3,98052,2570,0,2005,0,98052,47.7073,-122.11,2630,6026,201503,2630,3
8562750320,580500.0,3.0,2.5,2320,3980,2.0,True,0,3,98027,2320,0,2003,0,98027,47.5391,-122.07,2580,3980,201411,2320,3
2426039314,280000.0,2.0,1.5,1190,1265,3.0,True,0,3,98133,1190,0,2005,0,98133,47.7274,-122.35700000000001,1390,1756,201412,1190,2
461000390,687500.0,4.0,1.75,2330,5000,1.5,True,0,4,98117,1510,820,1929,0,98117,47.6823,-122.368,1460,5000,201406,2330,3
7589200193,535000.0,3.0,1.0,1090,3000,1.5,True,0,4,98117,1090,0,1929,0,98117,47.6889,-122.375,1570,5080,201411,1090,3
7955080270,322500.0,4.0,2.75,2060,6659,1.0,True,0,3,98058,1280,780,1981,0,98058,47.4276,-122.15700000000001,2020,8720,201412,2060,2
9547205180,696000.0,3.0,2.5,2300,3060,1.5,True,0,3,98115,1510,790,1930,2002,98115,47.6827,-122.31,1590,3264,201406,2300,3
9435300030,550000.0,4.0,1.0,1660,34848,1.0,True,0,1,98052,930,730,1933,0,98052,47.6621,-122.132,2160,11467,201405,1660,3
2768000400,640000.0,4.0,2.0,2360,6000,2.0,True,0,4,98107,2360,0,1904,0,98107,47.6702,-122.36200000000001,1730,4700,201412,2360,3
7895500070,240000.0,4.0,1.0,1220,8075,1.0,True,0,2,98001,890,330,1969,0,98001,47.3341,-122.28200000000001,1290,7800,201502,1290,1
2078500320,605000.0,4.0,2.5,2620,7553,2.0,True,0,3,98056,2620,0,1996,0,98056,47.5301,-122.18,2620,11884,201406,2620,3
5547700270,625000.0,4.0,2.5,2570,5520,2.0,True,0,3,98074,2570,0,2000,0,98074,47.6145,-122.027,2470,5669,201407,2570,3
7766200013,775000.0,4.0,2.25,4220,24186,1.0,True,0,3,98166,2600,1620,1984,0,98166,47.445,-122.34700000000001,2410,30617,201408,4220,3
7203220400,861990.0,5.0,2.75,3595,5639,2.0,True,0,3,98053,3595,0,2014,0,98053,47.6848,-122.016,3625,5639,201407,3595,3
9270200160,685000.0,3.0,1.0,1570,2280,2.0,True,0,3,98119,1570,0,1922,0,98119,47.6413,-122.36399999999999,1580,2640,201410,1570,3
1432701230,309000.0,3.0,1.0,1280,9656,1.0,True,0,4,98058,920,360,1959,0,98058,47.4485,-122.175,1340,8808,201407,1280,2
8035350320,488000.0,3.0,2.5,3160,13603,2.0,True,0,3,98019,3160,0,2003,0,98019,47.7443,-121.977,3050,9232,201407,3160,3
8945200830,210490.0,3.0,1.0,990,8528,1.0,True,0,3,98023,990,0,1966,0,98023,47.3066,-122.37100000000001,1228,8840,201503,1228,1
4178300310,785000.0,4.0,2.5,2290,13416,2.0,True,0,4,98007,2290,0,1981,0,98007,47.6194,-122.15100000000001,2680,13685,201407,2290,3
9215400105,450000.0,3.0,1.75,1250,5963,1.0,True,0,4,98115,1250,0,1953,0,98115,47.6796,-122.301,970,5100,201504,970,3
822039084,1350000.0,3.0,2.5,2753,65005,1.0,True,2,5,98070,2165,588,1953,0,98070,47.4041,-122.45100000000001,2680,72513,201503,2680,3
5245600105,228000.0,3.0,1.0,1190,9199,1.0,True,0,3,98148,1190,0,1955,0,98148,47.4258,-122.322,1190,9364,201409,1190,1
7231300125,345000.0,5.0,2.5,3150,9134,1.0,True,0,4,98056,1640,1510,1966,0,98056,47.4934,-122.189,1990,9133,201502,1990,2
7518505990,600000.0,3.0,1.75,1410,4080,1.0,True,0,4,98117,1000,410,1950,0,98117,47.6808,-122.384,1410,4080,201412,1410,3
3626039271,585000.0,2.0,1.75,1980,8550,1.0,True,0,3,98117,990,990,1981,0,98117,47.6989,-122.369,1480,6738,201502,1480,3
4217401195,920000.0,5.0,2.25,2730,6000,1.5,True,0,3,98105,2130,600,1927,0,98105,47.6571,-122.281,2730,6000,201503,2730,3
9822700295,885000.0,4.0,2.5,2830,5000,2.0,True,0,3,98105,2830,0,1995,0,98105,47.6597,-122.29,1950,5000,201405,2830,3
9478500640,292500.0,4.0,2.5,2250,4495,2.0,True,0,3,98042,2250,0,2008,0,98042,47.3663,-122.11399999999999,2250,4500,201408,2250,2
2799800710,301000.0,3.0,2.5,2420,4750,2.0,True,0,3,98042,2420,0,2003,0,98042,47.3663,-122.12200000000001,2690,4750,201504,2690,2
7922800400,951000.0,5.0,3.25,3250,14342,2.0,True,4,4,98008,3250,0,1968,0,98008,47.588,-122.116,2960,11044,201408,3250,3
8079040320,430000.0,4.0,3.0,1850,9976,2.0,True,0,3,98059,1850,0,1991,0,98059,47.5059,-122.149,2270,8542,201502,2270,3
1516000055,650000.0,3.0,2.25,2150,21235,1.0,True,3,4,98166,1590,560,1959,0,98166,47.4336,-122.339,2570,18900,201412,2150,3
9558200045,289000.0,3.0,1.75,1260,8400,1.0,True,0,3,98148,1260,0,1954,0,98148,47.4366,-122.335,1290,8750,201408,1260,2
5072410070,505000.0,3.0,1.75,2519,8690,2.0,True,0,5,98166,2519,0,1973,0,98166,47.4428,-122.344,2500,9500,201410,2519,3
9528102996,549000.0,3.0,1.75,1540,1044,3.0,True,0,3,98115,1540,0,2014,0,98115,47.6765,-122.32,1580,3090,201412,1540,3
1189001180,425000.0,3.0,2.25,1660,6000,1.0,True,0,3,98122,1110,550,1979,0,98122,47.6113,-122.29700000000001,1440,4080,201406,1660,3
3253500160,317625.0,3.0,2.75,2770,3809,1.5,True,0,5,98144,1770,1000,1925,0,98144,47.5747,-122.304,1440,4000,201411,2770,2
3394100030,975000.0,4.0,2.5,2720,11049,2.0,True,0,3,98004,2720,0,1989,0,98004,47.5815,-122.19200000000001,2750,11049,201409,2720,3
3717000160,287000.0,4.0,2.5,2240,4648,2.0,True,0,3,98001,2240,0,2005,0,98001,47.3378,-122.257,2221,4557,201410,2240,2
1274500060,204000.0,3.0,1.0,1000,12070,1.0,True,0,4,98042,1000,0,1968,0,98042,47.3621,-122.11,1010,12635,201408,1000,1
1802000060,1330000.0,5.0,2.25,3200,20158,1.0,True,0,3,98004,1600,1600,1965,0,98004,47.6303,-122.215,3390,20158,201406,3200,3
1525059190,1040000.0,5.0,3.25,4770,50094,1.0,True,0,4,98005,3070,1700,1973,0,98005,47.6525,-122.16,3530,38917,201409,4770,3
1049000060,325000.0,3.0,2.0,1260,5612,1.0,True,0,4,98034,1260,0,1972,0,98034,47.7362,-122.179,1640,4745,201501,1640,2
8820901275,571000.0,4.0,2.0,2750,7807,1.5,True,0,5,98125,2250,500,1916,0,98125,47.7168,-122.287,1510,7807,201406,2750,3
5416510140,360000.0,4.0,2.5,2380,5000,2.0,True,0,3,98038,2380,0,2005,0,98038,47.3608,-122.036,2420,5000,201407,2380,2
3444100400,349000.0,3.0,1.75,1790,50529,1.0,True,0,5,98042,1090,700,1965,0,98042,47.3511,-122.073,1940,50529,201503,1940,2
3276920270,832500.0,4.0,4.0,3430,35102,2.0,True,0,4,98075,2390,1040,1986,0,98075,47.5822,-121.98700000000001,3240,35020,201411,3430,3
4036801170,380000.0,4.0,1.75,1760,7300,1.0,True,0,3,98008,880,880,1956,0,98008,47.6034,-122.125,1680,7500,201410,1760,2
2391600320,480000.0,3.0,1.0,1040,5060,1.0,True,0,3,98116,1040,0,1941,0,98116,47.5636,-122.39399999999999,890,5060,201504,890,3
6300000287,410000.0,3.0,1.0,1410,5060,1.0,True,0,4,98133,910,500,1956,0,98133,47.7073,-122.34,1130,5693,201406,1410,3
1531000030,720000.0,4.0,2.5,3450,39683,2.0,True,0,3,98010,3450,0,2002,0,98010,47.342,-122.025,3350,39750,201503,3350,3
5104520400,390000.0,3.0,2.5,2350,5100,2.0,True,0,3,98038,2350,0,2003,0,98038,47.3512,-122.008,2350,5363,201412,2350,2
7437100340,360000.0,4.0,2.5,1900,5889,2.0,True,0,3,98038,1900,0,1992,0,98038,47.349,-122.031,1870,6405,201412,1900,2
9418400240,355000.0,2.0,1.0,2020,6720,1.0,True,0,3,98118,1010,1010,1948,0,98118,47.5474,-122.291,1720,6720,201410,2020,2
1523059105,356000.0,3.0,1.5,1680,8712,1.0,True,0,3,98059,1680,0,1964,0,98059,47.4811,-122.149,1850,8797,201501,1850,2
1133000671,315000.0,3.0,1.0,960,6634,1.0,True,0,3,98125,960,0,1952,0,98125,47.7264,-122.31,1570,7203,201406,960,2
4232902595,940000.0,3.0,1.5,2140,3600,2.0,True,0,3,98119,1900,240,1925,0,98119,47.6337,-122.365,2020,4800,201411,2140,3
2599001200,305000.0,5.0,2.25,2660,8400,1.5,True,0,5,98092,2660,0,1961,0,98092,47.2909,-122.189,1590,8165,201411,2660,2
3342103156,461000.0,3.0,3.25,2770,6278,2.0,True,0,3,98056,1980,790,2006,0,98056,47.5228,-122.199,1900,7349,201406,2770,3
1332700270,215000.0,2.0,2.25,1610,2040,2.0,True,0,4,98056,1610,0,1979,0,98056,47.518,-122.194,1950,2025,201405,1610,1
3869900162,335000.0,2.0,1.75,1030,1066,2.0,True,0,3,98136,765,265,2006,0,98136,47.5394,-122.387,1030,1106,201409,1030,2
2791500270,243500.0,4.0,2.5,1980,7403,2.0,True,0,3,98023,1980,0,1988,0,98023,47.2897,-122.37200000000001,1980,7510,201405,1980,2
5036300431,1100000.0,5.0,2.75,3520,6353,2.0,True,0,4,98199,3520,0,2001,0,98199,47.6506,-122.391,2520,6250,201503,2520,3
4168000060,153000.0,3.0,1.0,1200,10500,1.0,True,0,3,98023,1200,0,1962,0,98023,47.321999999999996,-122.351,1350,10500,201502,1350,1
6021501535,430000.0,3.0,1.5,1580,5000,1.0,True,0,3,98117,1290,290,1939,0,98117,47.687,-122.38600000000001,1570,4500,201407,1580,3
6021501535,700000.0,3.0,1.5,1580,5000,1.0,True,0,3,98117,1290,290,1939,0,98117,47.687,-122.38600000000001,1570,4500,201412,1580,3
1483300570,905000.0,4.0,2.5,3300,10250,1.0,True,0,3,98040,2390,910,1946,1991,98040,47.5873,-122.249,1950,6045,201409,3300,3
3422049190,247500.0,3.0,1.75,1960,15681,1.0,True,0,3,98032,1960,0,1967,0,98032,47.3576,-122.277,1750,15616,201503,1750,2
1099611230,199000.0,4.0,1.5,1160,6400,1.0,True,0,4,98023,1160,0,1975,0,98023,47.3036,-122.37799999999999,1160,6400,201409,1160,1
722079104,314000.0,3.0,1.75,1810,41800,1.0,True,0,5,98038,1210,600,1980,0,98038,47.4109,-121.958,1650,135036,201407,1810,2
7338200240,437500.0,3.0,2.5,2320,36847,2.0,True,2,3,98045,2320,0,1992,0,98045,47.4838,-121.714,2550,35065,201405,2320,3
1952200240,850830.0,3.0,2.5,2070,13241,1.5,True,0,5,98102,1270,800,1910,0,98102,47.6415,-122.315,2200,4500,201406,2070,3
5200100125,555000.0,3.0,2.0,1980,3478,1.5,True,0,4,98117,1440,540,1929,0,98117,47.6775,-122.37200000000001,1610,3478,201410,1980,3
7214720075,699950.0,3.0,2.25,2190,107593,2.0,True,0,4,98077,2190,0,1983,0,98077,47.7731,-122.08,2570,47777,201412,2190,3
2450000295,1090000.0,3.0,2.5,2920,8113,2.0,True,0,3,98004,2920,0,1950,2010,98004,47.5814,-122.196,2370,8113,201410,2920,3
6197800045,290000.0,3.0,1.0,1210,33919,1.0,True,0,3,98058,1210,0,1954,0,98058,47.4375,-122.184,1640,14910,201409,1210,2
1328310370,375000.0,3.0,2.5,2340,10005,1.0,True,0,4,98058,1460,880,1978,0,98058,47.4431,-122.133,2250,8162,201504,2250,2
546000875,460000.0,3.0,1.0,1670,4005,1.5,True,0,4,98117,1170,500,1939,0,98117,47.6878,-122.38,1240,4005,201405,1670,3
3530510041,188500.0,2.0,1.75,1240,2493,1.0,True,0,4,98198,1240,0,1985,0,98198,47.3813,-122.322,1270,4966,201407,1240,1
1853000400,680000.0,4.0,2.5,3140,28037,2.0,True,0,4,98077,3140,0,1991,0,98077,47.7304,-122.08200000000001,2990,35001,201503,2990,3
3134100116,470000.0,5.0,1.75,2030,12342,2.0,True,0,4,98052,2030,0,1942,0,98052,47.6417,-122.109,2500,9433,201408,2030,3
9545230140,597750.0,4.0,2.5,2310,9624,2.0,True,0,3,98027,2310,0,1984,0,98027,47.5386,-122.053,1940,9636,201407,2310,3
3362400511,570000.0,3.0,1.75,1260,3328,1.0,True,0,5,98103,700,560,1905,0,98103,47.6823,-122.34899999999999,1380,3536,201503,1380,3
2525310310,272500.0,3.0,1.75,1540,12600,1.0,True,0,4,98038,1160,380,1980,0,98038,47.3624,-122.031,1540,11656,201409,1540,2
6126500060,329950.0,3.0,1.75,2080,5969,1.0,True,2,3,98108,1080,1000,1971,0,98108,47.5474,-122.295,2090,5500,201411,2080,2
8961960160,480000.0,4.0,2.5,3230,16171,2.0,True,3,3,98001,2520,710,2001,0,98001,47.3183,-122.25299999999999,2640,8517,201410,3230,3
3626039325,740500.0,3.0,3.5,4380,6350,2.0,True,0,3,98117,2780,1600,1900,1999,98117,47.6981,-122.368,1830,6350,201411,4380,3
3362400431,518500.0,3.0,3.5,1590,1102,3.0,True,0,3,98103,1590,0,2010,0,98103,47.6824,-122.34700000000001,1620,3166,201406,1590,3
4060000240,205425.0,2.0,1.0,880,6780,1.0,True,0,4,98178,880,0,1945,0,98178,47.5009,-122.24799999999999,1190,6780,201406,880,1
3454800060,171800.0,4.0,2.0,1570,9600,1.0,True,0,3,98168,1570,0,1950,0,98168,47.4965,-122.303,1880,9000,201501,1880,1
1695900060,535000.0,4.0,1.0,1610,2982,1.5,True,0,4,98144,1610,0,1925,0,98144,47.586999999999996,-122.294,1610,4040,201505,1610,3
7278700070,660000.0,3.0,2.5,2400,6474,1.0,True,2,3,98177,1560,840,1964,0,98177,47.7728,-122.38600000000001,2340,10856,201501,2340,3
6675500070,391500.0,3.0,2.0,1450,9132,1.0,True,0,3,98034,1450,0,1987,0,98034,47.7288,-122.226,1580,9104,201411,1450,2
3626039187,395000.0,2.0,1.0,770,6000,1.0,True,0,3,98117,770,0,1953,0,98117,47.6999,-122.36399999999999,1710,6000,201504,1710,2
3524049083,445000.0,4.0,1.75,2100,4400,1.5,True,0,5,98118,1720,380,1924,0,98118,47.5299,-122.266,1850,4400,201411,2100,3
3275860240,770000.0,3.0,2.25,2910,10204,2.0,True,0,3,98052,2910,0,1990,0,98052,47.6897,-122.098,2700,13992,201406,2910,3
4389200955,1450000.0,4.0,2.75,2750,17789,1.5,True,0,3,98004,1980,770,1914,1992,98004,47.6141,-122.212,3060,11275,201503,3060,3
4058801670,445000.0,3.0,2.25,2100,8201,1.0,True,2,3,98178,1620,480,1967,0,98178,47.5091,-122.244,2660,8712,201407,2100,3
8732020310,260000.0,4.0,2.25,2160,8811,1.0,True,0,3,98023,1360,800,1978,0,98023,47.3129,-122.39,2090,8400,201407,2160,2
2331300505,822500.0,5.0,3.5,2320,4960,2.0,True,0,5,98103,1720,600,1926,0,98103,47.6763,-122.352,1700,4960,201406,2320,3
7853210060,430000.0,4.0,2.5,2070,4310,2.0,True,0,3,98065,2070,0,2004,0,98065,47.5319,-121.85,1970,3748,201504,1970,3
3668000070,212000.0,3.0,1.75,1060,7875,1.0,True,0,4,98092,1060,0,1986,0,98092,47.2761,-122.152,1420,7680,201501,1420,1
9545240070,660500.0,4.0,2.25,2010,9603,1.0,True,0,3,98027,1440,570,1986,0,98027,47.5343,-122.054,2060,9793,201504,2060,3
1243100136,784000.0,3.0,3.5,3950,111078,1.5,True,0,3,98052,2460,1490,1989,0,98052,47.696999999999996,-122.072,2480,88500,201406,3950,3
8929000270,453246.0,3.0,2.5,2010,2287,2.0,True,0,3,98029,1390,620,2014,0,98029,47.5517,-121.99799999999999,1690,1662,201405,2010,3
2767602356,675000.0,4.0,3.5,2140,2278,3.0,True,0,3,98107,2140,0,2005,0,98107,47.6734,-122.38,1540,2285,201501,1540,3
921049315,199000.0,3.0,1.75,1320,17390,1.0,True,0,4,98003,1320,0,1956,0,98003,47.3257,-122.296,1550,19265,201408,1320,1
3655000070,220000.0,4.0,1.75,2020,7840,1.0,True,0,3,98003,1010,1010,1968,0,98003,47.3309,-122.29899999999999,1750,8140,201408,2020,1
4027700812,452000.0,4.0,2.25,2590,10002,1.0,True,0,4,98028,1340,1250,1968,0,98028,47.7689,-122.266,1550,10436,201405,2590,3
3992700335,382500.0,2.0,1.0,1190,4440,1.0,True,0,3,98125,1190,0,1981,0,98125,47.7135,-122.287,1060,5715,201407,1190,2
2767603505,519950.0,3.0,2.25,1170,1249,3.0,True,0,3,98107,1170,0,2014,0,98107,47.6722,-122.381,1350,1310,201405,1170,3
4232901525,665000.0,2.0,1.0,1110,3200,1.0,True,0,3,98119,1110,0,1925,0,98119,47.6338,-122.35799999999999,1170,3600,201406,1110,3
1777500060,527700.0,5.0,2.5,2820,9375,1.0,True,0,4,98006,1550,1270,1968,0,98006,47.5707,-122.12799999999999,2820,9375,201407,2820,3
1432900240,205000.0,3.0,1.0,1610,8579,1.0,True,0,4,98058,1010,600,1962,0,98058,47.4563,-122.171,1610,8579,201505,1610,1
6140100875,420000.0,3.0,1.0,1060,8097,1.0,True,0,4,98133,940,120,1923,0,98133,47.7144,-122.351,1560,7940,201504,1560,3
6071600370,500000.0,4.0,2.25,2030,8517,1.0,True,0,4,98006,1380,650,1961,0,98006,47.5495,-122.17399999999999,2230,8824,201502,2230,3
1526069017,921500.0,4.0,2.5,3670,315374,2.0,True,0,4,98077,3670,0,1994,0,98077,47.7421,-122.02600000000001,2840,87991,201412,3670,3
809001525,890000.0,4.0,1.0,2550,4000,2.0,True,0,3,98109,2370,180,1905,0,98109,47.6354,-122.353,2200,4000,201406,2550,3
3224079105,430000.0,2.0,2.5,2420,60984,2.0,True,0,3,98027,2420,0,2007,0,98027,47.5262,-121.943,1940,193842,201408,2420,3
8075400570,258000.0,5.0,2.0,2260,12500,1.0,True,0,4,98032,1130,1130,1960,0,98032,47.3887,-122.286,1360,18000,201410,2260,2
1994200024,511000.0,3.0,1.0,1430,3455,1.0,True,0,3,98103,980,450,1947,0,98103,47.6873,-122.336,1450,4599,201411,1430,3
3362900810,532170.0,3.0,2.0,1360,3090,2.0,True,0,3,98103,1360,0,1990,0,98103,47.6838,-122.353,1500,3090,201408,1360,3
1324300398,560000.0,3.0,1.0,1110,5000,1.5,True,0,3,98107,1110,0,1947,0,98107,47.655,-122.359,1420,5000,201504,1420,3
537000445,282950.0,3.0,1.0,1250,8200,1.0,True,0,4,98003,1250,0,1954,0,98003,47.3255,-122.304,1680,8633,201503,1680,2
7855801670,2250000.0,4.0,3.25,5180,19850,2.0,True,3,3,98006,3540,1640,2006,0,98006,47.562,-122.162,3160,9750,201504,3160,3
7920100045,350000.0,1.0,1.0,700,5100,1.0,True,0,3,98115,700,0,1942,0,98115,47.678999999999995,-122.3,1010,5100,201405,700,2
8960000030,215000.0,3.0,1.0,1180,7669,1.0,True,0,4,98058,1180,0,1967,0,98058,47.4479,-122.176,1190,7669,201407,1180,1
6388930390,650000.0,5.0,3.5,3960,25245,2.0,True,0,3,98056,2500,1460,1996,0,98056,47.525,-122.17200000000001,2640,13675,201411,3960,3
8731900200,320000.0,4.0,2.75,2640,7500,1.0,True,0,3,98023,1620,1020,1967,0,98023,47.3135,-122.369,1980,7875,201408,2640,2
8029200135,247000.0,3.0,2.0,1270,7198,1.5,True,0,3,98022,1270,0,1916,2013,98022,47.2086,-121.99600000000001,1160,7198,201411,1270,2
1081200350,320000.0,4.0,1.75,1760,11180,1.0,True,0,4,98059,1760,0,1968,0,98059,47.4715,-122.118,1730,11180,201410,1760,2
84000105,255000.0,5.0,2.25,2060,8632,1.0,True,0,3,98146,1030,1030,1962,0,98146,47.4877,-122.335,1010,11680,201405,2060,2
3756500060,438000.0,3.0,1.75,1780,9660,1.0,True,0,3,98034,1780,0,1962,0,98034,47.7171,-122.193,1200,9660,201503,1200,3
7215720160,900000.0,3.0,2.5,3400,16603,2.0,True,0,3,98075,3400,0,2000,0,98075,47.6012,-122.023,3400,12601,201503,3400,3
3574800520,441000.0,3.0,2.75,1910,7280,1.0,True,0,3,98034,1160,750,1979,0,98034,47.7319,-122.22399999999999,1710,8152,201406,1910,3
2617300160,420000.0,3.0,2.0,2020,38332,1.0,True,0,4,98027,1010,1010,1975,0,98027,47.4582,-122.023,2110,36590,201408,2020,3
2558660270,370000.0,3.0,1.75,1580,7000,1.0,True,0,3,98034,1180,400,1976,0,98034,47.7209,-122.16799999999999,1640,7500,201412,1580,2
2009000370,269950.0,2.0,1.75,1340,7250,1.0,True,0,5,98198,700,640,1949,0,98198,47.408,-122.32700000000001,1830,9750,201502,1830,2
1836980160,807100.0,4.0,2.5,2680,4499,2.0,True,0,3,98006,2680,0,1999,0,98006,47.565,-122.125,2920,4500,201503,2920,3
3261020370,653000.0,3.0,2.5,2680,9750,1.0,True,0,4,98034,1610,1070,1979,0,98034,47.7028,-122.23100000000001,2480,8750,201406,2680,3
1755700060,371500.0,3.0,2.0,1370,8336,1.0,True,0,5,98133,1370,0,1964,0,98133,47.7458,-122.331,1770,7288,201406,1370,2
4330600435,284000.0,3.0,1.75,1560,21000,1.0,True,0,3,98166,1560,0,1954,0,98166,47.4776,-122.337,1070,7920,201503,1070,2
9542800700,272000.0,3.0,1.75,2160,7140,1.0,True,0,4,98023,1670,490,1978,0,98023,47.3026,-122.374,1930,7350,201501,1930,2
1999700045,313000.0,3.0,1.5,1340,7912,1.5,True,0,3,98133,1340,0,1955,0,98133,47.7658,-122.339,1480,7940,201405,1340,2
1762600070,917500.0,4.0,2.5,3880,35003,2.0,True,0,3,98033,2570,1310,1984,0,98033,47.6477,-122.182,3740,35230,201501,3740,3
1687900520,673000.0,4.0,2.25,2590,8190,2.0,True,0,4,98006,2590,0,1980,0,98006,47.5619,-122.125,2260,8335,201409,2590,3
7234600798,425000.0,3.0,2.5,1120,1100,2.0,True,0,3,98122,820,300,2008,0,98122,47.6106,-122.31,1590,1795,201502,1590,3
3881900445,399950.0,5.0,2.75,1970,5400,1.0,True,0,3,98144,1320,650,1986,0,98144,47.5868,-122.30799999999999,1280,2150,201407,1970,2
2254502445,385000.0,3.0,1.0,1220,4800,1.0,True,0,3,98122,1220,0,1901,0,98122,47.6101,-122.307,1200,4800,201405,1220,2
5437810320,269950.0,3.0,1.5,1950,7560,1.0,True,2,4,98022,1320,630,1975,0,98022,47.1976,-121.999,1950,8941,201411,1950,2
9158100075,330000.0,2.0,1.0,1350,8220,1.0,True,0,3,98177,1060,290,1949,0,98177,47.7224,-122.35799999999999,1540,8280,201501,1540,2
3830630310,260000.0,3.0,2.5,1670,5797,2.0,True,0,3,98030,1670,0,1988,0,98030,47.3505,-122.179,1670,6183,201407,1670,2
8123100045,470000.0,4.0,3.0,2380,5125,1.5,True,0,4,98126,1680,700,1925,0,98126,47.5384,-122.376,1410,5375,201504,1410,3
3127200041,589000.0,4.0,3.0,2440,9600,2.0,True,0,5,98034,2440,0,1961,0,98034,47.7044,-122.2,2290,9600,201406,2440,3
6661200320,163500.0,2.0,1.5,1050,3419,2.0,True,0,3,98038,1050,0,1996,0,98038,47.3848,-122.039,1050,3417,201407,1050,1
11510310,835000.0,4.0,2.75,3130,13412,2.0,True,0,3,98052,2140,990,1993,0,98052,47.6993,-122.102,2260,9984,201409,3130,3
825059270,1100000.0,5.0,3.0,4090,12850,1.0,True,2,4,98033,2090,2000,1986,0,98033,47.6627,-122.18799999999999,2540,10270,201411,4090,3
8731951370,269000.0,4.0,1.75,1490,10000,1.0,True,0,4,98023,1100,390,1969,0,98023,47.3099,-122.37899999999999,2190,8910,201504,2190,2
1954440060,560000.0,3.0,2.5,1900,8744,2.0,True,0,3,98074,1900,0,1987,0,98074,47.62,-122.04299999999999,2030,8744,201405,1900,3
2264500350,615000.0,4.0,1.0,1330,2400,1.5,True,0,4,98103,1330,0,1901,0,98103,47.65,-122.34,1330,4400,201504,1330,3
1115810060,585188.0,3.0,2.25,2230,10026,1.0,True,0,3,98052,1430,800,1975,0,98052,47.6647,-122.15299999999999,2230,9340,201412,2230,3
9477200200,305000.0,3.0,1.75,1650,9480,1.0,True,0,3,98034,1220,430,1977,0,98034,47.726000000000006,-122.191,1540,8400,201408,1650,2
1432600560,166950.0,3.0,1.0,1190,8820,1.0,True,0,3,98058,1190,0,1959,0,98058,47.4616,-122.184,1230,7980,201411,1190,1
2287000060,799000.0,3.0,2.5,2140,9897,1.0,True,0,4,98040,2140,0,1959,0,98040,47.5505,-122.219,2680,10083,201409,2140,3
3663500060,400000.0,3.0,2.5,2180,7508,1.0,True,0,4,98133,1420,760,1962,0,98133,47.7606,-122.336,1900,7818,201406,2180,2
3996900125,230000.0,3.0,1.0,1060,10228,1.0,True,0,3,98155,1060,0,1948,0,98155,47.7481,-122.3,1570,10228,201412,1060,1
7796450200,256883.0,3.0,2.5,1690,5025,2.0,True,0,3,98023,1690,0,2003,0,98023,47.2779,-122.34700000000001,2550,5001,201405,1690,2
7549802535,423000.0,4.0,2.0,1970,6480,1.5,True,0,5,98108,1130,840,1920,0,98108,47.5511,-122.31200000000001,1500,6480,201411,1970,3
3278600320,465000.0,3.0,2.5,2150,4084,2.0,True,0,3,98126,2150,0,2007,0,98126,47.5488,-122.37200000000001,1750,2385,201407,2150,3
2824079053,440000.0,3.0,2.5,1910,66211,2.0,True,0,3,98024,1910,0,1997,0,98024,47.5385,-121.911,2330,67268,201501,2330,3
1222069094,385000.0,3.0,1.75,1350,155073,1.0,True,0,4,98038,1350,0,1969,0,98038,47.4058,-121.994,1560,50965,201410,1350,2
3542300060,210000.0,3.0,1.0,860,11725,1.0,True,0,4,98056,860,0,1943,0,98056,47.5093,-122.184,1300,9514,201503,1300,1
2222059065,297000.0,3.0,2.5,1940,14952,2.0,True,0,3,98042,1940,0,1994,0,98042,47.3777,-122.165,2030,10450,201411,1940,2
7551300060,470000.0,3.0,1.0,1010,5000,1.0,True,0,3,98107,1010,0,1952,0,98107,47.675,-122.39399999999999,1680,5000,201407,1010,3
100600550,226500.0,3.0,1.5,1300,7370,1.0,True,0,4,98023,900,400,1976,0,98023,47.3025,-122.37,1430,7500,201408,1300,1
3211100860,274250.0,3.0,1.0,910,8450,1.0,True,0,4,98059,910,0,1962,0,98059,47.4787,-122.15799999999999,1400,8040,201503,1400,2
3456000310,840000.0,4.0,1.75,2480,11010,1.0,True,0,4,98040,1630,850,1966,0,98040,47.5378,-122.219,2770,10744,201408,2480,3
9526600140,677900.0,3.0,2.5,2440,4587,2.0,True,0,3,98052,2440,0,2010,0,98052,47.7073,-122.11399999999999,2750,4587,201409,2440,3
7465900060,425000.0,3.0,1.0,1010,5864,1.0,True,0,3,98116,1010,0,1915,0,98116,47.5733,-122.381,1290,5000,201502,1290,3
1222000055,180250.0,2.0,0.75,900,9600,1.0,True,0,3,98166,900,0,1941,0,98166,47.4604,-122.339,1250,14280,201411,900,1
6300000550,464000.0,6.0,3.0,2300,3404,2.0,True,0,3,98133,1600,700,1920,1994,98133,47.7067,-122.34299999999999,1560,1312,201407,2300,3
2310030510,320000.0,4.0,2.25,1550,7579,2.0,True,0,3,98038,1550,0,1993,0,98038,47.354,-122.04700000000001,1630,6397,201504,1630,2
1025049114,625504.0,3.0,2.25,1270,1566,2.0,True,0,3,98105,1060,210,2014,0,98105,47.6647,-122.28399999999999,1160,1327,201407,1270,3
8677300550,592500.0,4.0,2.5,2240,12032,1.0,True,0,3,98074,2240,0,1983,0,98074,47.6143,-122.01700000000001,2520,12368,201405,2240,3
4014400292,465000.0,3.0,2.5,2714,17936,2.0,True,0,3,98001,2714,0,2005,0,98001,47.3185,-122.275,2590,18386,201501,2590,3
1102000196,477000.0,4.0,2.75,1720,6270,2.0,True,0,3,98118,1720,0,1978,0,98118,47.5458,-122.26799999999999,2130,8700,201405,1720,3
257000138,280000.0,2.0,1.0,850,16400,1.0,True,0,3,98168,850,0,1923,0,98168,47.4889,-122.29899999999999,1100,14459,201501,1100,2
46100204,1510000.0,5.0,3.0,3300,33474,1.0,True,3,3,98040,1870,1430,1957,1991,98040,47.5673,-122.21,3836,20953,201502,3836,3
1909600046,445838.0,3.0,2.5,2250,5692,2.0,True,0,3,98146,2250,0,2000,0,98146,47.5133,-122.37899999999999,1320,5390,201407,2250,3
1250202145,1070000.0,2.0,2.25,3900,14864,1.0,True,3,3,98144,1950,1950,1947,0,98144,47.5884,-122.291,2580,5184,201408,3900,3
7611200125,467000.0,2.0,1.5,1320,10800,1.0,True,0,4,98177,1320,0,1947,0,98177,47.7145,-122.367,2120,12040,201410,1320,3
5611500140,686000.0,4.0,2.5,2760,6440,2.0,True,0,3,98075,2760,0,1999,0,98075,47.5836,-122.02600000000001,3070,8127,201408,2760,3
7138000260,279950.0,3.0,2.0,1750,9750,1.0,True,0,3,98198,1350,400,1961,0,98198,47.398,-122.29899999999999,1900,10125,201406,1750,2
626059335,527000.0,4.0,2.25,2330,19436,2.0,True,0,3,98011,2330,0,1987,0,98011,47.7663,-122.215,1910,10055,201409,2330,3
1922059282,325000.0,3.0,2.25,2220,16020,1.0,True,0,4,98030,1780,440,1966,0,98030,47.3758,-122.21700000000001,2080,9583,201409,2220,2
705700390,328000.0,3.0,2.25,2020,8379,2.0,True,0,3,98038,2020,0,1994,0,98038,47.3828,-122.023,2020,8031,201409,2020,2
7454001200,390000.0,3.0,2.25,1250,7500,1.0,True,0,5,98146,1250,0,1942,0,98146,47.5123,-122.37299999999999,1280,7392,201406,1250,2
8682281200,479950.0,2.0,2.0,1510,6516,1.0,True,0,3,98053,1510,0,2005,0,98053,47.7076,-122.01299999999999,1640,6009,201503,1640,3
7972000200,264950.0,4.0,2.25,1720,9753,1.0,True,0,4,98023,1120,600,1978,0,98023,47.2922,-122.37100000000001,1510,9753,201405,1720,2
722059070,235000.0,3.0,1.0,1430,15246,1.0,True,0,4,98031,980,450,1961,0,98031,47.4075,-122.214,1960,13068,201501,1960,1
7202340400,516500.0,3.0,2.5,1480,4729,2.0,True,0,3,98053,1480,0,2004,0,98053,47.6794,-122.03399999999999,2250,4729,201503,2250,3
8096000060,655000.0,2.0,1.75,1450,15798,2.0,True,4,3,98166,1230,220,1915,1978,98166,47.4497,-122.375,2030,13193,201504,2030,3
2424000060,500000.0,4.0,2.75,2280,15347,1.0,True,0,5,98059,2280,0,1960,0,98059,47.5218,-122.164,2280,15347,201406,2280,3
9264902050,315000.0,6.0,2.75,2940,7350,1.0,True,0,3,98023,1780,1160,1978,0,98023,47.3103,-122.339,2120,8236,201411,2940,2
943100260,213000.0,2.0,1.0,1000,10200,1.0,True,0,3,98024,1000,0,1961,0,98024,47.5687,-121.899,1150,13702,201411,1000,1
3677400445,475000.0,3.0,1.5,2480,5280,1.5,True,0,5,98108,1620,860,1947,0,98108,47.5575,-122.303,2090,4800,201409,2480,3
1762600320,1030000.0,5.0,4.0,3760,28040,2.0,True,0,3,98033,3760,0,1983,0,98033,47.6489,-122.18299999999999,3430,35096,201406,3760,3
4058000060,416000.0,3.0,2.0,2220,94300,1.0,True,0,5,98010,1640,580,1976,0,98010,47.3459,-121.95,2070,80100,201504,2070,3
7228500560,410000.0,4.0,1.0,1970,4740,1.5,True,0,3,98122,1670,300,1904,2005,98122,47.6136,-122.303,1510,4740,201503,1510,3
326069104,800000.0,3.0,3.5,3830,221284,2.0,True,0,3,98077,3530,300,1993,0,98077,47.7641,-122.023,2920,148539,201407,3830,3
5152100060,472000.0,6.0,2.5,4410,14034,1.0,True,2,4,98003,2350,2060,1965,0,98003,47.3376,-122.324,2600,13988,201405,4410,3
3584000310,225000.0,3.0,1.75,1430,8505,1.0,True,0,4,98003,1430,0,1968,0,98003,47.3173,-122.319,1190,8640,201412,1430,1
8150100045,210000.0,2.0,1.0,830,6000,1.0,True,0,3,98126,830,0,1940,0,98126,47.5308,-122.376,830,4960,201410,830,1
1868901275,455000.0,2.0,1.0,1430,5000,1.5,True,0,2,98115,1430,0,1925,0,98115,47.6727,-122.29899999999999,1450,3750,201501,1450,3
6131600075,225000.0,3.0,1.0,1300,8316,1.0,True,0,4,98002,1300,0,1954,0,98002,47.3221,-122.21600000000001,1260,8316,201504,1260,1
9468200125,480000.0,2.0,1.0,1030,3060,1.0,True,2,4,98103,790,240,1918,0,98103,47.6779,-122.353,1390,3060,201408,1030,3
8029510030,363000.0,3.0,2.5,2740,11872,2.0,True,0,3,98023,2740,0,1990,0,98023,47.3076,-122.395,2570,10377,201502,2570,2
2025069065,2400000.0,4.0,2.5,3650,8354,1.0,True,4,3,98074,1830,1820,2000,0,98074,47.6338,-122.072,3120,18841,201409,3650,3
7899800890,181000.0,2.0,1.5,720,5120,1.0,True,0,3,98106,720,0,1954,0,98106,47.5218,-122.35700000000001,1150,2566,201502,1150,1
3021059276,250000.0,4.0,2.0,2010,7312,1.0,True,0,4,98002,2010,0,1976,0,98002,47.2785,-122.213,2010,7650,201503,2010,2
3797001895,481000.0,3.0,1.75,1560,3000,1.0,True,0,4,98103,770,790,1918,0,98103,47.6846,-122.345,1390,3000,201504,1390,3
3832710960,260000.0,3.0,2.0,1810,7209,1.0,True,0,4,98032,1240,570,1978,0,98032,47.3656,-122.27799999999999,1750,7209,201409,1810,2
1310430400,455000.0,4.0,2.5,3360,7685,2.0,True,0,3,98058,3360,0,2001,0,98058,47.4369,-122.111,3060,6567,201405,3360,3
1422300030,415000.0,3.0,2.25,1510,36224,2.0,True,0,3,98045,1510,0,1991,0,98045,47.4616,-121.711,1730,36224,201504,1730,3
1105000588,349500.0,3.0,1.0,1400,3538,1.0,True,0,3,98118,800,600,1953,0,98118,47.5405,-122.27,1620,6331,201504,1620,2
3830630060,245000.0,3.0,2.5,1730,7442,2.0,True,0,3,98030,1730,0,1987,0,98030,47.3507,-122.178,1630,6458,201409,1730,2
5101404898,592500.0,2.0,2.0,1420,9191,1.5,True,2,5,98115,1420,0,1928,0,98115,47.6979,-122.32,1420,6816,201405,1420,3
7972601890,385000.0,4.0,1.75,2360,7620,1.0,True,0,4,98106,1180,1180,1955,0,98106,47.5278,-122.345,1910,7620,201410,2360,2
5127001620,315000.0,3.0,1.75,1580,11455,1.0,True,0,4,98059,1200,380,1974,0,98059,47.4756,-122.147,1550,10650,201502,1550,2
9407100800,255000.0,3.0,1.0,1230,10170,1.0,True,0,3,98045,1230,0,1979,0,98045,47.4437,-121.772,1380,10098,201411,1230,2
1873100060,693000.0,4.0,2.5,2460,4425,2.0,True,0,3,98052,2460,0,2006,0,98052,47.7048,-122.109,2990,5659,201408,2460,3
8722101360,780000.0,3.0,1.0,1660,4400,1.5,True,0,3,98112,1460,200,1911,0,98112,47.6362,-122.302,1660,4400,201412,1660,3
8644000060,237000.0,3.0,1.75,1270,8470,1.0,True,0,4,98198,1270,0,1960,0,98198,47.4207,-122.29,1600,8470,201410,1270,1
3325069129,525000.0,3.0,2.25,2100,40510,2.0,True,0,3,98074,1320,780,1979,0,98074,47.6154,-122.04700000000001,2380,33450,201412,2100,3
1400300055,425000.0,2.0,1.0,770,5040,1.0,True,0,3,98144,770,0,1930,0,98144,47.5964,-122.29899999999999,1330,2580,201504,1330,3
2123039032,369900.0,1.0,0.75,760,10079,1.0,True,4,5,98070,760,0,1936,0,98070,47.4683,-122.43799999999999,1230,14267,201410,760,2
8078560140,290000.0,4.0,2.5,1700,7280,2.0,True,0,4,98031,1700,0,1988,0,98031,47.4045,-122.171,1950,7475,201405,1700,2
3438500192,285000.0,3.0,1.0,1120,10701,1.0,True,0,3,98106,1120,0,1954,0,98106,47.5544,-122.35799999999999,1130,6350,201409,1120,2
7974200510,415000.0,2.0,1.0,1070,4500,1.0,True,0,3,98115,1070,0,1937,0,98115,47.6802,-122.29,1320,4465,201408,1070,3
2557000400,272500.0,3.0,2.5,2070,9900,1.0,True,0,3,98023,1420,650,1979,0,98023,47.2988,-122.37100000000001,2070,8250,201504,2070,2
7960900060,2900000.0,4.0,3.25,5050,20100,1.5,True,2,3,98004,4750,300,1982,2008,98004,47.6312,-122.223,3890,20060,201505,3890,3
4054500390,1370000.0,4.0,4.75,5310,57346,2.0,True,0,4,98077,5310,0,1989,0,98077,47.7285,-122.042,4180,47443,201410,5310,3
6378500125,436000.0,2.0,1.0,1040,7538,1.0,True,0,4,98133,1040,0,1939,0,98133,47.7107,-122.352,1440,7530,201505,1440,3
1745100140,210000.0,3.0,1.0,1700,11390,1.0,True,0,4,98003,1700,0,1967,0,98003,47.3271,-122.323,1350,8164,201410,1700,1
2976800796,236000.0,3.0,1.0,1300,5898,1.0,True,0,3,98178,1300,0,1961,0,98178,47.5053,-122.255,1320,7619,201409,1300,1
4235400186,331000.0,3.0,1.75,1080,1306,1.0,True,0,3,98199,580,500,1954,2003,98199,47.6601,-122.4,1440,2225,201411,1080,2
4215100060,365000.0,3.0,2.5,2653,4510,2.0,True,0,3,98031,2653,0,2006,0,98031,47.4145,-122.166,2653,4927,201503,2653,2
9189700045,450000.0,3.0,2.0,2290,16258,1.0,True,0,5,98058,2290,0,1960,0,98058,47.4672,-122.165,1660,10530,201501,1660,3
1126049053,770000.0,4.0,2.75,3820,26300,2.0,True,0,3,98028,2850,970,2014,0,98028,47.7618,-122.26100000000001,1860,12136,201411,3820,3
2022069200,455000.0,4.0,2.5,2210,49375,1.0,True,0,3,98038,2210,0,1997,0,98038,47.3828,-122.071,2670,49385,201505,2670,3
9412900055,405000.0,3.0,1.75,2390,6000,1.0,True,0,3,98118,1240,1150,1908,0,98118,47.5362,-122.26799999999999,2020,6000,201505,2020,3
1722059235,304900.0,4.0,1.75,2600,11325,1.0,True,0,4,98031,1610,990,1969,0,98031,47.3954,-122.206,1720,11088,201407,2600,2
6874200960,170000.0,2.0,1.0,860,5265,1.0,True,0,3,98178,860,0,1931,0,98178,47.5048,-122.272,1650,8775,201502,1650,1
7424700045,2050000.0,5.0,3.0,3830,8480,2.0,True,1,5,98122,2630,1200,1905,1994,98122,47.6166,-122.287,3050,7556,201505,3050,3
7202360350,780000.0,4.0,2.5,3500,7048,2.0,True,0,3,98053,3500,0,2005,0,98053,47.6811,-122.025,3920,7864,201406,3500,3
5634500392,330000.0,3.0,3.0,2420,13959,1.0,True,0,4,98028,1740,680,1988,0,98028,47.7486,-122.23,2570,13300,201504,2570,2
1509500060,370000.0,4.0,2.5,2720,8666,2.0,True,0,3,98030,2720,0,1992,0,98030,47.3846,-122.169,2410,8100,201409,2720,2
7214810350,467000.0,5.0,2.25,2500,13500,1.0,True,0,3,98072,1850,650,1979,0,98072,47.7564,-122.14399999999999,2300,9750,201410,2500,3
6647200060,405000.0,3.0,1.75,1670,6720,1.0,True,0,3,98034,1140,530,1980,0,98034,47.7198,-122.193,1670,7320,201502,1670,3
9552700140,675000.0,5.0,2.25,2900,10300,1.0,True,0,3,98006,1450,1450,1985,0,98006,47.5461,-122.15100000000001,2310,10300,201407,2900,3
2200500350,500000.0,2.0,1.0,1640,14100,1.0,True,0,4,98006,1140,500,1954,0,98006,47.5712,-122.14299999999999,1520,13527,201408,1640,3
6113400046,389999.0,4.0,2.5,1890,15770,2.0,True,0,4,98166,1890,0,1968,0,98166,47.4281,-122.34299999999999,2410,15256,201407,1890,2
6619910140,630000.0,4.0,1.75,2950,9025,1.0,True,2,4,98034,1780,1170,1975,0,98034,47.7128,-122.223,2120,9600,201502,2120,3
1115450240,360000.0,4.0,2.5,2160,9528,2.0,True,0,3,98001,2160,0,1992,0,98001,47.3341,-122.255,2280,9937,201410,2160,2
6073240060,580000.0,4.0,3.0,3280,11060,2.0,True,0,3,98056,2270,1010,1986,0,98056,47.5399,-122.181,2320,11004,201410,3280,3
9297300045,550000.0,3.0,2.0,1970,4166,2.0,True,3,5,98126,1270,700,1929,0,98126,47.5717,-122.375,2390,4166,201407,1970,3
9510920070,879000.0,4.0,2.5,3360,22111,2.0,True,0,3,98075,3360,0,1994,0,98075,47.5951,-122.01700000000001,3150,11374,201407,3360,3
5468730030,265000.0,3.0,2.0,1320,8959,1.0,True,0,3,98042,1320,0,1993,0,98042,47.3536,-122.14399999999999,1740,7316,201408,1320,2
8079030390,446500.0,3.0,2.5,2650,7286,2.0,True,0,3,98059,2650,0,1990,0,98059,47.5084,-122.154,2400,7220,201503,2400,3
600000152,404000.0,3.0,1.5,2030,8880,1.0,True,0,3,98108,1330,700,1963,0,98108,47.5586,-122.311,2140,5592,201406,2030,2
1840000030,267500.0,3.0,1.75,1590,11914,1.0,True,2,3,98188,1090,500,1957,0,98188,47.4427,-122.274,1630,9052,201405,1590,2
3225069065,3080000.0,4.0,5.0,4550,18641,1.0,True,4,3,98074,2600,1950,2002,0,98074,47.6053,-122.07700000000001,4550,19508,201406,4550,3
3260800030,335000.0,3.0,2.5,2440,7632,2.0,True,0,3,98003,2440,0,1998,0,98003,47.3494,-122.301,2510,7903,201408,2440,2
2747100024,576000.0,3.0,2.5,1940,9000,1.0,True,0,4,98117,970,970,1948,0,98117,47.6933,-122.39299999999999,2190,7310,201406,1940,3
5104530560,208633.0,3.0,2.5,2040,3810,2.0,True,0,3,98038,2040,0,2006,0,98038,47.3537,-122.0,2370,4590,201504,2370,1
4330600350,315000.0,3.0,2.25,2200,8750,1.0,True,0,4,98166,1120,1080,1964,0,98166,47.476000000000006,-122.337,1460,10139,201501,1460,2
5016001535,725000.0,3.0,1.75,1920,3300,1.0,True,0,4,98112,960,960,1913,0,98112,47.6239,-122.29799999999999,1740,4000,201502,1740,3
7280300196,550000.0,4.0,2.75,1800,7750,1.0,True,0,4,98177,1400,400,1965,0,98177,47.7776,-122.384,1800,8275,201504,1800,3
8651520400,610750.0,4.0,2.25,2180,7297,2.0,True,0,3,98074,2180,0,1984,0,98074,47.6459,-122.05799999999999,2250,9781,201406,2180,3
7171200445,550700.0,2.0,1.0,1010,5000,1.5,True,0,4,98105,1010,0,1908,0,98105,47.6692,-122.29700000000001,1460,5000,201502,1460,3
3204800200,665000.0,4.0,2.75,3320,10574,2.0,True,0,5,98056,2220,1100,1960,0,98056,47.5376,-122.18,2720,8330,201501,2720,3
3416600800,834000.0,4.0,2.5,2370,4000,1.5,True,2,5,98144,1980,390,1928,0,98144,47.601000000000006,-122.294,2440,5750,201502,2440,3
7994700030,201000.0,5.0,1.75,1660,78408,1.5,True,0,3,98065,1660,0,1915,0,98065,47.528999999999996,-121.837,1660,78408,201410,1660,1
1860600135,2380000.0,5.0,2.5,3650,9050,2.0,True,4,5,98119,3370,280,1921,0,98119,47.6345,-122.367,2880,5400,201405,3650,3
4139480200,1380000.0,4.0,3.25,4290,12103,1.0,True,3,3,98006,2690,1600,1997,0,98006,47.5503,-122.102,3860,11244,201406,4290,3
4139480200,1400000.0,4.0,3.25,4290,12103,1.0,True,3,3,98006,2690,1600,1997,0,98006,47.5503,-122.102,3860,11244,201412,4290,3
1328320800,305000.0,4.0,2.25,1950,7700,1.0,True,0,3,98058,1350,600,1979,0,98058,47.4441,-122.125,2150,7350,201411,1950,2
7771300125,487000.0,3.0,2.0,2590,14052,1.0,True,0,5,98133,1720,870,1948,0,98133,47.7357,-122.333,1570,8162,201504,1570,3
3422059208,390000.0,3.0,2.5,1930,64904,1.0,True,0,4,98042,1930,0,1988,0,98042,47.346000000000004,-122.15700000000001,2350,57500,201505,2350,2
9521101455,548000.0,2.0,1.0,1470,3864,1.0,True,0,4,98103,1170,300,1916,0,98103,47.6638,-122.345,1570,3864,201407,1470,3
4337000335,268750.0,4.0,1.0,800,8775,1.0,True,0,3,98166,800,0,1943,0,98166,47.48,-122.336,1310,8775,201411,800,2
325059286,819900.0,5.0,2.75,3150,7119,2.0,True,0,3,98052,3150,0,2013,0,98052,47.6759,-122.15100000000001,1560,8384,201405,3150,3
2597650240,520000.0,3.0,2.25,2030,16200,2.0,True,0,3,98027,2030,0,1984,0,98027,47.5162,-122.057,2660,17958,201410,2030,3
3353400435,230000.0,3.0,2.0,1450,11204,1.0,True,0,3,98001,1450,0,2003,0,98001,47.2639,-122.25200000000001,1520,9518,201407,1450,1
7972000240,240000.0,3.0,1.75,1510,10248,1.0,True,0,3,98023,1510,0,1969,0,98023,47.2929,-122.37100000000001,1510,9753,201502,1510,1
7520000520,232000.0,2.0,1.0,1240,12092,1.0,True,0,3,98146,960,280,1922,1984,98146,47.4957,-122.352,1820,7460,201409,1240,1
7520000520,240500.0,2.0,1.0,1240,12092,1.0,True,0,3,98146,960,280,1922,1984,98146,47.4957,-122.352,1820,7460,201503,1820,1
3530210260,274975.0,3.0,2.5,3030,45004,2.0,True,0,3,98077,3030,0,1987,0,98077,47.7721,-122.09299999999999,3080,35781,201410,3030,2
1959700550,740000.0,4.0,2.0,2050,4400,1.5,True,0,4,98102,2050,0,1922,0,98102,47.644,-122.319,2320,5500,201409,2050,3
1665400045,186375.0,3.0,1.0,1000,7636,1.0,True,0,2,98166,1000,0,1952,0,98166,47.472,-122.344,1150,7600,201504,1150,1
9542850320,790000.0,3.0,2.25,2370,10289,1.0,True,0,4,98005,1590,780,1977,0,98005,47.592,-122.166,2500,10004,201407,2370,3
3179100060,880000.0,4.0,3.5,2800,6750,2.0,True,0,3,98105,1890,910,1951,2002,98105,47.669,-122.275,2370,6120,201409,2800,3
2946001550,279000.0,6.0,1.75,2240,11180,2.0,True,0,4,98198,2240,0,1955,0,98198,47.42,-122.323,1590,7955,201504,1590,2
8078490390,295000.0,3.0,2.0,1810,10530,1.0,True,2,3,98022,1810,0,1991,0,98022,47.1913,-122.012,1910,10450,201407,1810,2
9550201550,640000.0,2.0,1.0,1070,5000,1.0,True,0,3,98103,1070,0,1924,0,98103,47.6666,-122.331,1710,5000,201504,1710,3
191100045,940000.0,4.0,2.0,2490,9525,2.0,True,0,5,98040,2490,0,1968,0,98040,47.5639,-122.21700000000001,2770,9525,201407,2490,3
5009600070,260000.0,4.0,2.5,1960,5238,2.0,True,0,3,98038,1960,0,2003,0,98038,47.3483,-122.052,1800,5894,201410,1960,2
200350070,559900.0,3.0,2.75,2930,5569,1.0,True,0,3,98072,1860,1070,2004,0,98072,47.7648,-122.164,2580,11045,201406,2930,3
2877103726,791500.0,4.0,2.0,1510,3500,1.5,True,0,5,98103,1510,0,1911,0,98103,47.6794,-122.35700000000001,1820,3750,201407,1510,3
405100295,265000.0,3.0,1.75,1420,8250,1.0,True,0,3,98133,1420,0,1954,0,98133,47.7535,-122.354,1740,8000,201408,1420,2
4268200055,245000.0,3.0,1.75,1740,11547,1.0,True,0,3,98178,1740,0,1954,0,98178,47.4945,-122.22,880,78408,201505,880,2
3126069068,485000.0,4.0,1.75,2560,43995,2.0,True,0,4,98052,2560,0,1962,0,98052,47.6945,-122.09299999999999,2560,14764,201504,2560,3
1115300070,684000.0,4.0,3.5,3040,8414,2.0,True,0,3,98059,2420,620,2010,0,98059,47.5222,-122.15700000000001,3470,8066,201411,3040,3
6414100671,425000.0,3.0,1.75,2500,6840,1.0,True,0,3,98125,1300,1200,1957,0,98125,47.7222,-122.32,1580,8691,201409,2500,3
7004200060,309600.0,4.0,1.75,1275,20000,1.0,True,0,4,98070,1275,0,1991,0,98070,47.3796,-122.49,1660,20000,201410,1275,2
7852110140,552250.0,4.0,2.5,2580,5823,2.0,True,0,3,98065,2580,0,2002,0,98065,47.5374,-121.875,2380,5823,201407,2580,3
3969300030,165000.0,4.0,1.0,1000,7134,1.0,True,0,3,98178,1000,0,1943,0,98178,47.4897,-122.24,1020,7138,201407,1000,1
3969300030,239900.0,4.0,1.0,1000,7134,1.0,True,0,3,98178,1000,0,1943,0,98178,47.4897,-122.24,1020,7138,201412,1000,1
4048400070,320000.0,2.0,1.0,1070,32633,1.0,True,0,4,98059,1070,0,1930,0,98059,47.4716,-122.07799999999999,1360,32156,201412,1070,2
808000070,206600.0,3.0,2.0,1390,13464,1.0,True,0,4,98030,1390,0,1987,0,98030,47.3581,-122.17299999999999,1720,12080,201410,1390,1
7374200030,387000.0,4.0,1.75,2500,7690,1.0,True,0,3,98155,1250,1250,1973,0,98155,47.7713,-122.307,2040,8646,201504,2040,2
7325600160,299000.0,1.0,0.75,560,12120,1.0,True,0,3,98014,560,0,1967,0,98014,47.675,-121.854,1300,19207,201406,560,2
2757000030,855000.0,4.0,2.75,2270,10460,2.0,True,0,3,98040,2270,0,1965,0,98040,47.5603,-122.22200000000001,2610,10180,201409,2270,3
616000140,315000.0,3.0,1.0,1900,14400,1.0,True,0,4,98166,1300,600,1954,0,98166,47.4147,-122.337,1940,14400,201501,1940,2
3363900111,437500.0,2.0,1.0,990,3120,1.0,True,2,5,98103,790,200,1907,0,98103,47.68,-122.353,1930,3120,201412,990,3
9262800171,252000.0,4.0,1.5,1550,19800,1.0,True,0,4,98001,1050,500,1969,0,98001,47.3117,-122.27,1640,22654,201503,1640,2
6607000126,375000.0,4.0,1.75,2200,7475,1.0,True,0,5,98118,1100,1100,1955,0,98118,47.543,-122.28,1600,5766,201406,2200,2
5416510830,300000.0,4.0,2.5,1910,4862,2.0,True,0,3,98038,1910,0,2005,0,98038,47.3607,-122.03399999999999,2010,5091,201408,1910,2
2201500030,420000.0,4.0,1.0,1750,9600,1.5,True,0,4,98006,1750,0,1954,0,98006,47.5759,-122.137,1750,10530,201410,1750,3
325059171,900000.0,3.0,1.0,1330,77972,1.0,True,0,3,98033,1330,0,1928,1954,98033,47.6891,-122.15899999999999,1340,17689,201405,1330,3
952003285,679900.0,3.0,2.5,2440,5750,2.0,True,2,3,98116,1980,460,2000,0,98116,47.565,-122.381,1520,5750,201408,2440,3
3211290370,463000.0,3.0,2.5,1640,29970,2.0,True,0,3,98053,1640,0,1992,0,98053,47.6359,-121.97399999999999,1580,28399,201406,1640,3
1072010350,380000.0,5.0,2.5,2760,11340,2.0,True,0,4,98059,2760,0,1978,0,98059,47.4769,-122.141,2470,11340,201408,2760,2
8856950070,329500.0,4.0,2.5,1820,7912,2.0,True,0,3,98038,1820,0,1994,0,98038,47.3845,-122.029,1820,8168,201412,1820,2
925059078,604950.0,3.0,2.5,2110,5608,1.0,True,0,3,98033,1340,770,2013,0,98033,47.6743,-122.184,2040,9363,201408,2110,3
7855801090,795000.0,5.0,2.5,3040,9570,1.0,True,2,4,98006,1640,1400,1966,0,98006,47.5651,-122.164,2920,8800,201409,3040,3
723099065,465000.0,3.0,2.0,1840,40438,2.0,True,0,3,98045,1840,0,1994,0,98045,47.4853,-121.709,1380,44049,201501,1380,3
6116500075,673000.0,4.0,2.5,2990,10400,2.0,True,0,3,98166,2990,0,2002,0,98166,47.4508,-122.359,2140,17449,201503,2140,3
1118500030,810000.0,4.0,2.5,3520,15420,2.0,True,0,3,98074,3520,0,1991,0,98074,47.6375,-122.016,3400,21455,201410,3520,3
424069250,785000.0,4.0,2.75,2440,69415,1.0,True,0,4,98075,1910,530,1989,0,98075,47.5944,-122.042,2770,24361,201504,2770,3
3291800710,338000.0,4.0,3.0,2090,7500,1.0,True,0,3,98056,1370,720,1986,0,98056,47.4888,-122.182,1810,7650,201411,2090,2
6838700060,280000.0,3.0,2.25,1430,7222,2.0,True,0,3,98056,1430,0,1993,0,98056,47.5112,-122.19,1430,7220,201412,1430,2
2231500030,315000.0,4.0,2.25,2180,10754,1.0,True,0,5,98133,1100,1080,1954,0,98133,47.7711,-122.34100000000001,1810,6929,201410,2180,2
2231500030,530000.0,4.0,2.25,2180,10754,1.0,True,0,5,98133,1100,1080,1954,0,98133,47.7711,-122.34100000000001,1810,6929,201503,1810,3
7683900200,380000.0,5.0,3.0,3450,9914,2.0,True,0,3,98023,3450,0,2004,0,98023,47.2813,-122.345,2860,9721,201412,3450,2
8155830060,297000.0,3.0,2.25,1450,7562,2.0,True,0,3,98056,1450,0,1994,0,98056,47.5038,-122.189,1650,7625,201408,1450,2
98020310,730000.0,4.0,2.5,3230,7331,2.0,True,0,3,98075,3230,0,2004,0,98075,47.5823,-121.97,3480,7447,201405,3230,3
9423400140,450000.0,3.0,1.75,1640,13500,1.0,True,0,3,98125,1110,530,1940,0,98125,47.7164,-122.304,1770,12600,201406,1640,3
1545804860,275000.0,3.0,3.0,1590,7750,1.0,True,0,3,98038,1060,530,1997,0,98038,47.3624,-122.045,1680,7500,201410,1590,2
2883200160,595000.0,4.0,2.0,2020,2849,2.0,True,0,3,98115,2020,0,1960,0,98115,47.6831,-122.329,1910,3120,201504,1910,3
7132300695,435000.0,3.0,1.5,1300,3348,1.5,True,0,3,98144,1300,0,1904,2014,98144,47.592,-122.307,1590,2577,201504,1590,3
1726059053,270000.0,2.0,1.5,1380,209959,1.0,True,0,1,98011,1380,0,1954,0,98011,47.7461,-122.195,3130,19868,201409,1380,2
624111000,950000.0,3.0,3.0,4040,14338,2.0,True,0,3,98077,3030,1010,1986,0,98077,47.7268,-122.06,3360,14142,201408,4040,3
808300310,389000.0,4.0,2.25,2130,5337,2.0,True,0,3,98019,2130,0,2001,0,98019,47.7237,-121.959,2300,6930,201503,2300,2
8563040160,560000.0,4.0,2.25,2550,7800,1.0,True,0,3,98052,1580,970,1968,0,98052,47.6283,-122.095,2420,8050,201501,2420,3
713500030,1350000.0,5.0,3.5,4800,14984,2.0,True,2,3,98006,3480,1320,1998,0,98006,47.5543,-122.148,4050,19009,201407,4800,3
8651600160,799000.0,4.0,2.25,2510,11585,2.0,True,0,4,98040,2510,0,1969,0,98040,47.5483,-122.226,2450,9691,201411,2510,3
9517200030,365500.0,3.0,2.0,1410,9600,1.0,True,0,4,98072,1410,0,1983,0,98072,47.7591,-122.146,1410,9600,201406,1410,2
2460700700,252350.0,3.0,2.0,1650,7352,1.0,True,0,3,98058,1160,490,1979,0,98058,47.4612,-122.169,1710,7350,201405,1650,2
1223039290,403950.0,4.0,2.5,2120,13780,2.0,True,0,3,98146,2120,0,1993,0,98146,47.4987,-122.365,1880,12000,201409,2120,2
2890100060,385000.0,4.0,1.5,2040,10726,1.0,True,0,3,98177,1380,660,1954,0,98177,47.772,-122.35799999999999,1610,10020,201408,2040,2
7972600860,345000.0,4.0,1.0,1550,7620,1.5,True,0,3,98106,1550,0,1957,0,98106,47.5287,-122.35,1450,7620,201412,1550,2
8857320070,490000.0,3.0,2.75,1980,3128,2.0,True,0,4,98008,1980,0,1979,0,98008,47.6109,-122.11399999999999,1950,2856,201409,1980,3
4047200695,330000.0,3.0,2.5,1600,26977,2.0,True,0,3,98019,1600,0,2005,0,98019,47.7736,-121.90100000000001,1790,27743,201406,1600,2
1653500070,927000.0,4.0,2.75,3300,12090,2.0,True,0,3,98004,3300,0,1953,0,98004,47.6294,-122.21799999999999,3180,12239,201405,3300,3
1923000030,1120000.0,4.0,2.5,3840,16619,2.0,True,1,4,98040,3840,0,1983,0,98040,47.5634,-122.213,3600,16553,201407,3840,3
3649100320,330000.0,2.0,1.0,1220,10000,1.0,True,0,5,98028,1220,0,1950,0,98028,47.7405,-122.241,2000,9600,201504,2000,2
7375300160,530000.0,5.0,2.25,2720,8800,1.0,True,0,4,98008,1500,1220,1958,0,98008,47.5976,-122.118,2110,8800,201503,2110,3
5175800060,365000.0,4.0,2.0,1940,25600,1.0,True,0,1,98006,1940,0,1962,0,98006,47.5722,-122.12899999999999,2000,10071,201406,1940,2
1604601375,378750.0,3.0,2.5,2160,3000,1.5,True,0,3,98118,1260,900,1909,2011,98118,47.5644,-122.289,1060,3500,201406,2160,2
2473251090,269900.0,4.0,1.75,1530,8750,1.5,True,0,4,98058,1530,0,1968,0,98058,47.4556,-122.15700000000001,1390,8750,201406,1530,2
9126100861,557000.0,3.0,3.5,1710,2096,2.0,True,0,3,98122,1290,420,2008,0,98122,47.6055,-122.305,1630,1543,201503,1630,3
3420069065,360000.0,4.0,1.75,3730,16980,1.0,True,0,4,98022,2150,1580,1974,0,98022,47.1775,-122.022,1880,16963,201408,3730,2
6021501685,352000.0,2.0,1.0,940,5000,1.0,True,0,4,98117,940,0,1937,0,98117,47.6879,-122.385,1560,4500,201504,1560,2
1151100070,437000.0,3.0,2.5,1750,22357,2.0,True,0,3,98045,1750,0,1994,0,98045,47.4807,-121.779,2430,22357,201502,2430,3
8856950240,322500.0,4.0,2.5,1820,6753,2.0,True,0,3,98038,1820,0,1994,0,98038,47.3845,-122.03200000000001,1820,7107,201406,1820,2
9385200055,650000.0,3.0,3.25,1510,2000,2.0,True,0,3,98116,1330,180,2001,0,98116,47.5815,-122.402,1510,1352,201409,1510,3
7821200390,450000.0,3.0,2.0,1290,1213,3.0,True,0,3,98103,1290,0,2001,0,98103,47.6609,-122.344,1290,3235,201408,1290,3
8078520310,278500.0,3.0,2.0,1570,5250,1.0,True,0,3,98092,1570,0,1998,0,98092,47.3163,-122.18799999999999,1570,5250,201504,1570,2
1565950030,364950.0,4.0,2.5,1930,6957,2.0,True,0,3,98055,1930,0,1995,0,98055,47.4309,-122.191,2090,6996,201504,2090,2
1560930070,840000.0,4.0,3.5,2840,40139,1.0,True,4,4,98038,2840,0,1986,0,98038,47.401,-122.02600000000001,3180,36852,201409,2840,3
6700400140,268000.0,3.0,2.5,1550,8134,2.0,True,0,3,98031,1550,0,1991,0,98031,47.403999999999996,-122.191,1550,8134,201503,1550,2
2422029094,517534.0,2.0,1.0,833,143947,1.0,True,0,3,98070,833,0,2006,0,98070,47.3889,-122.48200000000001,1380,143947,201407,833,3
1774220160,632925.0,3.0,2.5,2990,32239,2.0,True,0,4,98077,2990,0,1978,0,98077,47.7718,-122.095,2990,36497,201411,2990,3
1525200060,577500.0,3.0,2.5,2000,7251,2.0,True,0,3,98034,2000,0,1995,0,98034,47.7067,-122.2,2450,8118,201407,2000,3
1678400105,339000.0,4.0,1.5,2390,7480,1.5,True,2,3,98178,2390,0,1920,0,98178,47.504,-122.227,2850,6867,201502,2850,2
3426059070,570000.0,3.0,1.75,2910,37461,1.0,True,0,4,98052,1530,1380,1967,0,98052,47.7015,-122.164,2520,18295,201409,2910,3
824079032,563500.0,4.0,1.75,2085,174240,1.0,True,0,3,98024,1610,475,1964,0,98024,47.5753,-121.95,2690,174240,201406,2085,3
2697100140,423000.0,4.0,2.25,2200,9351,1.0,True,0,5,98133,1290,910,1962,0,98133,47.7448,-122.333,1910,8660,201501,1910,3
8724300030,355000.0,3.0,2.25,1860,5028,2.0,True,0,3,98019,1860,0,2012,0,98019,47.7318,-121.98200000000001,2320,5465,201412,1860,2
8678500060,1550000.0,5.0,4.25,6070,171626,2.0,True,0,3,98024,6070,0,1999,0,98024,47.5954,-121.95,4680,211267,201407,6070,3
625049299,482000.0,2.0,1.0,950,3960,1.0,True,0,3,98103,950,0,1941,0,98103,47.6885,-122.337,1320,4050,201412,950,3
6073200075,625000.0,3.0,1.75,1600,9135,1.0,True,0,5,98006,1600,0,1955,0,98006,47.5724,-122.179,1580,9800,201407,1600,3
6388900710,538000.0,3.0,2.5,2250,11632,2.0,True,0,3,98056,2250,0,1988,0,98056,47.5272,-122.169,2360,11632,201412,2250,3
1442860160,380000.0,3.0,2.5,2280,10255,2.0,True,0,4,98058,2280,0,1985,0,98058,47.4334,-122.161,2310,10094,201501,2310,2
7942600310,375000.0,2.0,1.0,940,5120,1.0,True,0,3,98122,940,0,1909,0,98122,47.6073,-122.30799999999999,1300,5120,201407,940,2
1545808560,245000.0,3.0,2.5,1530,8500,1.0,True,0,5,98038,1030,500,1996,0,98038,47.3592,-122.046,1850,8140,201504,1850,2
936000060,310000.0,5.0,1.75,2190,27260,1.0,True,0,4,98166,2190,0,1947,1974,98166,47.4546,-122.337,1620,39480,201411,2190,2
9808650060,1300000.0,3.0,2.0,2350,15021,1.0,True,0,4,98004,1770,580,1976,0,98004,47.6408,-122.219,3530,15715,201502,3530,3
3754700160,397000.0,4.0,2.0,1440,7680,1.0,True,0,3,98034,1200,240,1971,0,98034,47.7245,-122.2,1460,9660,201405,1440,2
305500140,365000.0,3.0,2.5,2200,4052,2.0,True,0,3,98058,2200,0,2005,0,98058,47.4362,-122.178,2310,5082,201505,2310,2
5468750060,328500.0,4.0,3.0,2290,8250,2.0,True,0,3,98042,2290,0,1990,0,98042,47.3739,-122.156,2290,8250,201410,2290,2
2944010240,988000.0,4.0,3.0,4040,19700,2.0,True,0,3,98052,4040,0,1987,0,98052,47.7205,-122.12700000000001,3930,21887,201409,4040,3
3454000060,1000000.0,4.0,2.5,2610,3277,1.5,True,0,5,98103,1920,690,1922,0,98103,47.6636,-122.33,1810,3277,201407,2610,3
646910160,237000.0,3.0,2.5,1490,2138,2.0,True,0,3,98055,1490,0,2005,0,98055,47.4324,-122.197,1490,2094,201409,1490,1
8564950390,525000.0,4.0,2.5,2450,5280,2.0,True,0,3,98011,2450,0,2003,0,98011,47.7734,-122.22399999999999,2300,4674,201409,2450,3
2268400350,749000.0,4.0,2.5,1710,9627,1.0,True,0,3,98006,1440,270,1976,2014,98006,47.559,-122.164,2140,9131,201409,1710,3
7504101040,722500.0,5.0,2.5,4870,11800,2.0,True,0,3,98074,3470,1400,1983,0,98074,47.633,-122.041,3180,11398,201408,4870,3
11500890,843000.0,3.0,2.5,3130,8750,2.0,True,0,3,98052,3130,0,1991,0,98052,47.6954,-122.103,2860,9003,201503,2860,3
9528102772,438000.0,2.0,2.0,1270,1372,3.0,True,0,3,98115,1270,0,2000,0,98115,47.6776,-122.318,1610,3090,201407,1270,3
284000223,578000.0,3.0,1.75,2120,10875,1.0,True,2,3,98146,1540,580,1977,0,98146,47.504,-122.382,2460,11760,201409,2120,3
3353401710,227950.0,3.0,1.5,1670,8230,1.0,True,0,5,98001,1670,0,1954,0,98001,47.2613,-122.255,2077,4910,201409,1670,1
8159610030,196000.0,3.0,2.25,2070,11576,2.0,True,0,3,98001,2070,0,1974,0,98001,47.3417,-122.271,1890,7519,201407,2070,1
3179100435,641000.0,2.0,1.0,1420,5332,1.0,True,0,3,98105,1070,350,1953,0,98105,47.6694,-122.275,2400,5406,201407,1420,3
822079033,350000.0,3.0,1.5,1250,219978,1.0,True,0,4,98038,1250,0,1980,0,98038,47.4056,-121.955,1930,210394,201504,1930,2
8857600960,205000.0,3.0,1.0,940,7980,1.0,True,0,4,98032,940,0,1960,0,98032,47.3838,-122.289,1150,8050,201408,940,1
1774000200,400000.0,3.0,1.75,1920,9102,1.0,True,0,3,98072,1920,0,1968,0,98072,47.7487,-122.08200000000001,1920,9760,201412,1920,2
2024069128,1030000.0,3.0,2.5,3545,9816,1.0,True,0,3,98027,2610,935,2005,0,98027,47.5534,-122.07799999999999,3630,7704,201411,3545,3
1049010390,505000.0,3.0,2.0,1260,5460,1.0,True,0,3,98034,1260,0,1972,0,98034,47.7355,-122.18,1510,5460,201503,1510,3
7905370390,475000.0,5.0,2.5,2340,7200,1.0,True,0,3,98034,1300,1040,1975,0,98034,47.7206,-122.211,1930,7221,201410,2340,3
4140090240,520000.0,3.0,2.25,2590,9263,1.0,True,0,5,98028,1440,1150,1977,0,98028,47.7691,-122.262,2580,9450,201411,2590,3
4055700030,1450000.0,3.0,4.5,3970,24920,2.0,True,2,3,98034,3260,710,1977,1999,98034,47.7183,-122.258,2610,13838,201505,2610,3
3775300030,333500.0,3.0,1.75,1220,9732,1.0,True,0,3,98011,1220,0,1965,0,98011,47.7736,-122.214,1630,10007,201412,1220,2
2525300030,232000.0,3.0,1.0,1400,10403,1.0,True,0,4,98038,1400,0,1976,0,98038,47.361999999999995,-122.029,1230,10209,201502,1230,1
1324059104,691100.0,3.0,2.75,2360,16117,1.0,True,0,4,98006,1710,650,1983,0,98006,47.5698,-122.12100000000001,2120,16117,201504,2120,3
2287000030,811000.0,3.0,1.75,1870,9897,1.0,True,0,4,98040,1870,0,1960,0,98040,47.5505,-122.221,1900,10005,201410,1870,3
7702010030,551000.0,3.0,2.5,2830,5802,2.0,True,0,3,98028,2830,0,2001,0,98028,47.7605,-122.234,2500,5788,201405,2830,3
1529200340,496500.0,3.0,2.5,2260,3640,2.0,True,0,3,98072,2260,0,1994,0,98072,47.7356,-122.15700000000001,2350,3710,201501,2350,3
2122039094,705000.0,3.0,3.0,1970,20978,2.0,True,3,4,98070,1770,200,1980,0,98070,47.3844,-122.43799999999999,2280,75396,201411,1970,3
1742800030,578000.0,4.0,2.5,3140,9225,1.0,True,2,5,98055,1770,1370,1966,0,98055,47.4904,-122.226,2460,9600,201406,3140,3
1796360350,255000.0,3.0,1.75,1240,8659,1.0,True,0,5,98042,1240,0,1986,0,98042,47.3663,-122.089,1490,8223,201501,1490,2
6154500070,1050000.0,4.0,3.5,3450,7832,2.0,True,0,3,98006,3450,0,2007,0,98006,47.5637,-122.12299999999999,3220,8567,201406,3450,3
1843100340,348000.0,3.0,2.25,2570,8491,2.0,True,0,4,98042,2570,0,1989,0,98042,47.3759,-122.125,2400,8049,201503,2400,2
8944290160,230000.0,3.0,2.0,1510,3413,2.0,True,0,3,98031,1510,0,1985,0,98031,47.3912,-122.167,1570,3777,201411,1510,1
4166600473,359500.0,4.0,2.25,2390,11250,2.0,True,0,3,98023,2390,0,1988,0,98023,47.3305,-122.37100000000001,2480,11250,201412,2390,2
7282300125,330000.0,3.0,1.0,980,7000,1.0,True,0,3,98133,980,0,1953,0,98133,47.7617,-122.35700000000001,1220,7000,201411,980,2
8658300340,80000.0,1.0,0.75,430,5050,1.0,True,0,2,98014,430,0,1912,0,98014,47.6499,-121.90899999999999,1200,7500,201405,430,1
2419600075,465000.0,3.0,1.75,1480,6360,1.0,True,0,3,98133,1480,0,1954,0,98133,47.7311,-122.353,1480,6360,201412,1480,3
2621760350,325000.0,4.0,2.5,1850,7324,2.0,True,0,3,98042,1850,0,1997,0,98042,47.3701,-122.10700000000001,2100,7329,201410,1850,2
1723049270,340500.0,3.0,2.0,2270,28025,1.0,True,0,4,98168,1920,350,1947,0,98168,47.4857,-122.318,1770,14833,201501,1770,2
4123840310,342500.0,3.0,2.5,1810,5192,2.0,True,0,3,98038,1810,0,1993,0,98038,47.3724,-122.042,1810,6200,201501,1810,2
2172000075,290900.0,2.0,2.0,1610,17600,2.0,True,0,3,98178,1610,0,1930,1983,98178,47.4855,-122.266,1310,12950,201406,1610,2
8651611170,868700.0,3.0,4.25,3840,6161,2.0,True,0,3,98074,3840,0,2000,0,98074,47.6336,-122.064,3230,7709,201502,3230,3
8820902200,1200000.0,4.0,2.75,4110,8400,2.0,True,1,3,98125,3130,980,1928,2013,98125,47.717,-122.281,2820,8400,201411,4110,3
8651610890,1150000.0,4.0,3.25,4190,10259,2.0,True,0,3,98074,3150,1040,2000,0,98074,47.6332,-122.066,4300,11919,201410,4190,3
1853080570,859900.0,4.0,2.75,3390,6298,2.0,True,0,3,98074,3390,0,2011,0,98074,47.5906,-122.06200000000001,3390,7111,201408,3390,3
3629920030,520000.0,4.0,2.25,1890,3006,2.0,True,0,3,98029,1890,0,2003,0,98029,47.5461,-121.99799999999999,1580,3000,201408,1890,3
1604602050,460000.0,3.0,2.5,1610,2527,2.0,True,2,3,98118,1080,530,2005,0,98118,47.5674,-122.29,1610,4173,201407,1610,3
6844700810,438924.0,3.0,1.5,1050,4590,1.0,True,0,3,98115,850,200,1949,0,98115,47.6943,-122.29,1770,5400,201409,1050,3
66000070,315000.0,2.0,1.0,630,6550,1.0,True,0,3,98126,630,0,1918,0,98126,47.5486,-122.38,1420,6550,201504,1420,2
6665800030,590000.0,4.0,2.75,2910,10650,1.0,True,2,3,98033,1780,1130,1975,0,98033,47.6658,-122.18799999999999,2920,10988,201407,2910,3
2205700350,378500.0,4.0,1.75,1700,8640,1.0,True,0,3,98006,850,850,1955,0,98006,47.5772,-122.15299999999999,1620,9000,201411,1700,2
5466000030,328500.0,3.0,2.5,1950,8130,2.0,True,0,4,98042,1950,0,1990,0,98042,47.3875,-122.161,2350,7691,201406,1950,2
6189200125,849950.0,3.0,3.0,2990,9773,2.0,True,0,4,98005,2990,0,1973,0,98005,47.6344,-122.17399999999999,2230,11553,201503,2230,3
9169600135,525000.0,3.0,1.5,1350,6000,1.0,True,2,3,98136,900,450,1950,0,98136,47.5275,-122.391,1730,6012,201410,1350,3
2625069070,1390000.0,4.0,3.25,4860,181319,2.5,True,0,3,98074,4860,0,1993,0,98074,47.6179,-122.005,3850,181319,201504,3850,3
8732131090,295000.0,4.0,2.5,2160,7725,1.0,True,0,4,98023,1460,700,1978,0,98023,47.3078,-122.37799999999999,2060,8250,201504,2060,2
9286000240,1070000.0,6.0,3.5,4860,11793,2.0,True,0,3,98006,3860,1000,1998,0,98006,47.5521,-122.137,3600,11793,201407,4860,3
1895000260,207950.0,2.0,2.0,890,5000,1.0,True,0,3,98118,890,0,1917,0,98118,47.5158,-122.264,1860,5000,201407,890,1
8691370400,699900.0,4.0,2.75,2810,7302,2.0,True,0,3,98075,2810,0,2002,0,98075,47.5985,-121.977,2820,7302,201412,2810,3
5423010350,1280000.0,5.0,2.5,3400,9500,2.0,True,1,4,98027,3400,0,1977,0,98027,47.5645,-122.08200000000001,3080,11081,201502,3080,3
8562501040,452000.0,4.0,1.5,1580,7350,1.0,True,0,4,98052,960,620,1963,0,98052,47.6734,-122.154,1560,7350,201411,1580,3
2475200140,370000.0,3.0,2.0,1680,5036,1.0,True,1,4,98055,1680,0,1987,0,98055,47.4734,-122.186,1680,4921,201502,1680,2
7942100310,232000.0,3.0,1.75,1300,11230,1.0,True,0,5,98042,1300,0,1968,0,98042,47.3811,-122.087,1300,10794,201501,1300,1
3760000030,669950.0,5.0,2.5,2820,14062,2.0,True,0,4,98034,2380,440,1960,0,98034,47.7081,-122.215,1910,10392,201410,2820,3
1727500340,397500.0,3.0,2.0,1510,6710,1.0,True,0,3,98034,1070,440,1972,0,98034,47.7193,-122.21600000000001,1660,6600,201406,1510,2
9828702519,490000.0,2.0,2.5,1230,1391,2.0,True,0,3,98112,870,360,2004,0,98112,47.6192,-122.301,1240,1350,201405,1230,3
4432600075,725000.0,4.0,2.0,2110,4140,2.0,True,0,3,98116,1710,400,1925,2003,98116,47.5836,-122.387,1440,4420,201501,1440,3
7806300030,299000.0,3.0,2.75,3080,19635,1.0,True,2,4,98032,1610,1470,1958,0,98032,47.3841,-122.28399999999999,2424,12410,201409,3080,2
9274202270,625000.0,2.0,1.5,1490,5750,1.5,True,0,4,98116,1190,300,1900,0,98116,47.5872,-122.39,1590,4025,201408,1490,3
7852030960,437500.0,3.0,2.5,2120,4500,2.0,True,0,3,98065,2120,0,2000,0,98065,47.5322,-121.88,2530,4816,201411,2120,3
7852170140,650000.0,4.0,2.5,3180,5438,2.0,True,0,3,98065,3180,0,2003,0,98065,47.5416,-121.86399999999999,3030,5335,201505,3030,3
7518503335,475000.0,2.0,1.0,1490,3825,1.0,True,0,3,98117,860,630,1929,0,98117,47.6799,-122.381,1460,3825,201405,1490,3
5467900070,342000.0,3.0,2.0,1930,11947,1.0,True,0,4,98042,1930,0,1966,0,98042,47.3672,-122.15100000000001,2200,12825,201405,1930,2
1245002952,1200000.0,4.0,2.5,2770,7800,2.0,True,0,3,98033,2770,0,1999,0,98033,47.684,-122.205,2720,10000,201410,2770,3
8906200070,280000.0,3.0,1.5,1670,11610,1.0,True,0,4,98055,1670,0,1963,0,98055,47.4404,-122.191,1930,10200,201502,1930,2
5379805885,240000.0,2.0,1.75,1330,7200,1.0,True,0,3,98188,1330,0,1993,0,98188,47.4467,-122.281,1450,11682,201405,1330,1
2769600560,529000.0,3.0,1.0,1210,3328,1.5,True,0,4,98107,1210,0,1924,0,98107,47.6729,-122.363,1640,3333,201405,1210,3
9238901420,442000.0,3.0,1.0,1190,5100,1.0,True,0,4,98136,1030,160,1941,0,98136,47.5346,-122.385,1690,5100,201502,1690,3
5113400431,615000.0,2.0,1.0,1540,6872,1.0,True,0,4,98119,820,720,1946,0,98119,47.6454,-122.37299999999999,1420,5538,201405,1540,3
3885805665,1490000.0,4.0,3.75,4030,10800,2.0,True,0,3,98033,4030,0,2006,0,98033,47.6821,-122.196,2160,7200,201406,4030,3
8121200810,585000.0,4.0,1.75,2430,7559,1.0,True,0,4,98052,1580,850,1981,0,98052,47.7206,-122.11,1980,8750,201505,1980,3
5126310400,480000.0,4.0,2.5,2600,7787,2.0,True,0,3,98059,2600,0,2005,0,98059,47.4877,-122.139,2830,7787,201503,2830,3
7322910030,1100000.0,5.0,3.5,4410,57063,2.0,True,0,4,98053,4410,0,1990,0,98053,47.6554,-122.01799999999999,2900,50529,201407,4410,3
2827100070,290000.0,4.0,1.0,1330,8184,1.5,True,0,3,98133,1330,0,1949,0,98133,47.7343,-122.34700000000001,1220,660,201411,1330,2
9276201895,615000.0,3.0,1.75,1900,5000,1.0,True,0,5,98116,950,950,1951,0,98116,47.5789,-122.39299999999999,1770,5000,201408,1900,3
4402700070,300000.0,2.0,1.0,1100,7680,1.0,True,0,4,98133,1100,0,1950,0,98133,47.7439,-122.339,1460,7680,201503,1460,2
1922059046,308000.0,3.0,1.0,1980,39150,1.5,True,0,3,98030,1580,400,1932,0,98030,47.3818,-122.225,1860,11811,201410,1980,2
925059288,750000.0,3.0,2.5,2400,7745,2.0,True,0,3,98033,2400,0,2001,0,98033,47.6734,-122.17299999999999,2080,8615,201505,2080,3
4386700135,2250000.0,4.0,2.25,4760,8036,2.5,True,0,5,98112,3390,1370,1916,0,98112,47.6415,-122.285,2950,9323,201411,4760,3
1923069078,890000.0,4.0,3.25,3180,194278,2.0,True,0,3,98059,3180,0,2005,0,98059,47.4711,-122.084,2200,178160,201408,3180,3
1432400335,288000.0,3.0,1.0,1190,7560,1.0,True,0,5,98058,1190,0,1958,0,98058,47.452,-122.177,1190,7560,201503,1190,2
1180003090,190000.0,2.0,1.0,630,6000,1.0,True,0,3,98178,630,0,1943,2005,98178,47.4973,-122.221,1470,6840,201409,630,1
726049331,515000.0,5.0,3.0,2530,5105,1.0,True,0,3,98133,1520,1010,2005,0,98133,47.7546,-122.34100000000001,2290,4011,201503,2290,3
3340401555,235000.0,4.0,1.5,1690,11054,1.0,True,0,4,98055,1690,0,1930,0,98055,47.4667,-122.215,1690,9040,201411,1690,1
7453000070,275000.0,2.0,1.0,940,5000,1.0,True,0,3,98126,940,0,1951,0,98126,47.5186,-122.374,940,5000,201408,940,2
4348800030,727500.0,2.0,2.0,1240,9119,1.0,True,0,4,98004,1240,0,1952,0,98004,47.6221,-122.193,1380,9121,201411,1240,3
7202331420,650000.0,4.0,2.5,3040,6587,2.0,True,0,3,98053,3040,0,2003,0,98053,47.683,-122.039,2740,6587,201406,3040,3
3225079035,1600000.0,6.0,5.0,6050,230652,2.0,True,3,3,98024,6050,0,2001,0,98024,47.6033,-121.943,4210,233971,201406,6050,3
6381500700,365000.0,4.0,1.0,1590,7085,1.5,True,0,3,98125,1590,0,1944,0,98125,47.7315,-122.305,1320,7085,201411,1590,2
339500160,662000.0,3.0,1.75,2500,36947,1.0,True,0,3,98052,2500,0,1984,0,98052,47.6917,-122.084,2590,28837,201410,2500,3
1545807610,270500.0,3.0,2.5,1780,7848,1.0,True,0,3,98038,1320,460,1978,0,98038,47.3608,-122.056,1680,7848,201504,1680,2
1843200240,200000.0,2.0,1.5,1360,1898,2.0,True,0,3,98092,1360,0,1978,0,98092,47.2852,-122.19,1360,1898,201505,1360,1
4403600270,970000.0,4.0,3.25,4740,76230,2.0,True,0,3,98075,4740,0,1987,0,98075,47.5931,-122.071,3340,49206,201502,3340,3
2008200060,160000.0,3.0,1.5,1010,9600,1.0,True,0,4,98198,1010,0,1962,0,98198,47.4097,-122.316,1400,9660,201406,1010,1
1521069070,204000.0,3.0,1.0,1040,7405,1.0,True,0,4,98010,1040,0,1971,0,98010,47.3105,-122.021,1580,7405,201502,1580,1
2459500310,358000.0,3.0,2.25,1610,6655,2.0,True,0,4,98058,1610,0,1985,0,98058,47.4296,-122.161,1780,7529,201502,1780,2
6204420070,452000.0,4.0,1.75,1570,8268,1.0,True,0,3,98011,1570,0,1979,0,98011,47.7373,-122.197,1870,8190,201505,1870,3
5694500105,595000.0,2.0,2.0,1510,4000,1.0,True,0,4,98103,1010,500,1900,0,98103,47.6582,-122.345,1920,4000,201412,1510,3
5466410030,249000.0,3.0,2.0,1360,6082,1.0,True,0,3,98042,1360,0,1994,0,98042,47.3577,-122.16,1360,6987,201504,1360,2
9485740340,346900.0,4.0,2.5,1970,5106,2.0,True,0,3,98055,1970,0,1999,0,98055,47.449,-122.205,2230,5109,201503,2230,2
622049114,2130000.0,3.0,2.5,5403,24069,2.0,True,4,4,98166,5403,0,1976,0,98166,47.4169,-122.348,3980,104374,201502,3980,3
2270000070,280000.0,4.0,2.5,1560,4350,2.0,True,0,3,98056,1560,0,2003,0,98056,47.5025,-122.186,1560,4350,201410,1560,2
1310900260,318888.0,4.0,1.75,2320,12000,1.0,True,0,4,98032,2270,50,1973,0,98032,47.3644,-122.28,2120,9880,201410,2320,2
224069094,530000.0,3.0,2.25,2120,40518,1.0,True,0,3,98075,2120,0,1967,0,98075,47.5896,-122.009,2480,13492,201409,2120,3
7800800160,375000.0,3.0,2.25,2120,18500,2.0,True,0,4,98031,2120,0,1983,0,98031,47.3914,-122.169,2120,14479,201411,2120,2
2944000240,910000.0,4.0,2.5,3350,29242,2.0,True,0,3,98052,3350,0,1988,0,98052,47.7197,-122.131,3920,24728,201504,3920,3
4139400710,782000.0,4.0,2.5,2380,9614,2.0,True,0,4,98006,2380,0,1991,0,98006,47.5623,-122.116,2560,9770,201405,2380,3
7899800860,259950.0,2.0,2.0,1070,649,2.0,True,0,3,98106,720,350,2008,0,98106,47.5213,-122.35700000000001,1070,928,201503,1070,2
2473420140,315000.0,4.0,2.75,2300,18360,1.0,True,0,4,98058,1560,740,1979,0,98058,47.4518,-122.16,1870,9588,201409,2300,2
5000500055,215000.0,2.0,1.0,1320,8865,1.0,True,0,4,98168,1320,0,1943,0,98168,47.4949,-122.3,1190,6490,201405,1320,1
4099500935,705000.0,3.0,1.75,2180,10221,1.0,True,2,4,98040,1140,1040,1946,0,98040,47.5885,-122.24799999999999,2180,8535,201407,2180,3
1373800295,1450000.0,3.0,3.0,4380,6320,2.0,True,3,5,98199,3580,800,1952,0,98199,47.6452,-122.411,3080,7680,201410,4380,3
4025300135,451000.0,3.0,1.75,1790,9813,2.0,True,0,3,98155,1790,0,1949,0,98155,47.748999999999995,-122.305,1520,10125,201505,1520,3
3294700310,261000.0,2.0,1.0,750,8125,1.0,True,0,4,98055,750,0,1943,0,98055,47.4727,-122.198,1340,8750,201409,750,2
8718500075,396000.0,3.0,1.5,1300,8280,1.0,True,0,5,98028,1300,0,1956,0,98028,47.7403,-122.256,1570,8692,201411,1300,2
4309710240,725000.0,4.0,2.5,2990,29170,2.0,True,3,3,98059,2990,0,1999,0,98059,47.5146,-122.117,3715,29170,201407,2990,3
5486800070,1950000.0,7.0,3.5,4640,15235,2.0,True,1,3,98040,2860,1780,1965,2003,98040,47.5666,-122.23100000000001,3230,20697,201406,4640,3
236400320,238000.0,4.0,1.0,1400,7242,1.5,True,0,3,98188,1400,0,1959,0,98188,47.4339,-122.291,1310,7314,201407,1400,1
4376700570,750000.0,6.0,1.75,2750,9563,2.0,True,0,4,98052,2750,0,1973,0,98052,47.6368,-122.09700000000001,2040,9563,201504,2040,3
8648100200,331500.0,4.0,2.5,2050,10271,2.0,True,0,3,98042,2050,0,1998,0,98042,47.3628,-122.075,2050,8103,201410,2050,2
3624079046,460000.0,4.0,3.0,2230,108900,1.0,True,0,3,98065,1410,820,1978,0,98065,47.52,-121.845,1960,65340,201410,2230,3
1921069084,404950.0,4.0,2.25,2340,217014,1.0,True,0,4,98092,2340,0,1982,0,98092,47.2953,-122.083,2340,107898,201407,2340,3
6431500140,880000.0,3.0,2.5,2870,5163,2.0,True,0,3,98103,2870,0,2014,0,98103,47.6935,-122.352,1630,7995,201412,2870,3
2725069050,863000.0,4.0,2.5,4120,22370,2.0,True,0,3,98074,4120,0,1997,0,98074,47.6239,-122.023,3180,7257,201406,4120,3
5307100060,638700.0,3.0,1.75,2080,9162,1.0,True,0,3,98005,1370,710,1960,0,98005,47.5846,-122.16799999999999,1870,8944,201412,2080,3
7203102050,435000.0,3.0,2.5,1840,5680,2.0,True,0,3,98053,1840,0,2008,0,98053,47.6969,-122.02600000000001,1600,4697,201407,1840,3
561000075,260000.0,3.0,1.0,1180,5350,1.5,True,0,4,98178,1180,0,1959,0,98178,47.505,-122.259,1490,5350,201412,1180,2
2436701180,671500.0,5.0,2.75,2160,4000,1.5,True,0,5,98105,1530,630,1927,0,98105,47.667,-122.289,2040,4000,201408,2160,3
809002765,610000.0,3.0,1.0,1180,3400,1.5,True,0,3,98109,1180,0,1907,0,98109,47.6376,-122.353,1440,3400,201410,1180,3
4045500710,405000.0,2.0,0.75,1160,15029,1.0,True,0,4,98014,870,290,1937,0,98014,47.6929,-121.87,1870,25346,201412,1160,3
5104510270,338900.0,4.0,2.5,1830,5612,2.0,True,0,3,98038,1830,0,2003,0,98038,47.3572,-122.015,1830,5998,201407,1830,2
98020350,720000.0,4.0,4.0,3200,7708,2.0,True,0,3,98075,3200,0,2004,0,98075,47.5816,-121.97,3480,7944,201501,3480,3
1714900060,442000.0,5.0,3.0,2560,5445,1.5,True,0,4,98108,1760,800,1927,0,98108,47.5502,-122.311,1080,5445,201504,1080,3
1189000030,650000.0,5.0,2.75,2550,5040,1.5,True,0,5,98122,2550,0,1902,0,98122,47.6136,-122.29899999999999,1590,3840,201406,2550,3
2473360060,263500.0,3.0,1.75,1330,9917,1.0,True,0,3,98058,1040,290,1981,0,98058,47.4478,-122.161,1330,9081,201501,1330,2
222069082,300000.0,2.0,1.0,1220,75794,1.0,True,0,4,98038,1220,0,1963,0,98038,47.4219,-122.007,2010,98010,201412,1220,2
8669160310,266000.0,3.0,2.5,1805,3402,2.0,True,0,3,98002,1805,0,2009,0,98002,47.3521,-122.212,2095,3402,201412,1805,2
1526069135,930000.0,4.0,4.0,6050,84942,2.5,True,2,3,98077,4150,1900,2009,0,98077,47.7466,-122.029,2700,199504,201412,6050,3
1088650310,530000.0,4.0,2.5,2320,5493,2.0,True,0,3,98028,2320,0,2004,0,98028,47.7727,-122.229,2450,5471,201501,2450,3
8945200860,180000.0,3.0,1.0,1384,8960,1.0,True,0,4,98023,1384,0,1965,0,98023,47.3062,-122.37100000000001,1000,8470,201412,1384,1
7853240200,619000.0,3.0,2.5,2720,6439,2.0,True,0,3,98065,2720,0,2005,0,98065,47.5422,-121.86,3180,7320,201405,2720,3
7511800070,264000.0,3.0,1.5,1820,10608,1.0,True,0,4,98003,1820,0,1962,0,98003,47.3366,-122.306,1380,8976,201408,1820,2
2998800125,730000.0,2.0,2.25,2130,4920,1.5,True,4,4,98116,1530,600,1941,0,98116,47.573,-122.40899999999999,2130,4920,201407,2130,3
3876300310,439000.0,4.0,2.25,2060,10070,2.0,True,0,3,98034,2060,0,1975,0,98034,47.7258,-122.177,2060,8155,201410,2060,3
5419800510,268500.0,4.0,1.75,1420,7500,1.0,True,0,4,98031,1080,340,1981,0,98031,47.4025,-122.176,1500,7260,201411,1420,2
192460060,330000.0,3.0,1.75,1510,15744,1.0,True,0,3,98045,1510,0,1985,0,98045,47.476000000000006,-121.755,1470,15744,201407,1510,2
7942601895,640000.0,3.0,2.5,2160,4000,1.5,True,0,3,98122,1960,200,1903,2013,98122,47.6045,-122.307,2160,5120,201408,2160,3
7504010570,900000.0,3.0,2.5,3180,12600,2.0,True,0,4,98074,3180,0,1978,0,98074,47.6366,-122.05799999999999,3030,12835,201407,3180,3
1442740140,370000.0,3.0,2.25,2110,13300,2.0,True,0,4,98038,2110,0,1985,0,98038,47.3725,-122.06,2470,14000,201409,2110,2
6909200575,685000.0,3.0,2.0,2060,2900,1.5,True,0,5,98144,1330,730,1931,0,98144,47.5897,-122.292,1910,3900,201503,1910,3
2525069041,505000.0,3.0,1.5,1830,217800,1.0,True,0,3,98053,1010,820,1981,0,98053,47.6277,-121.97200000000001,2450,165963,201409,1830,3
3620069036,265000.0,3.0,1.75,1820,32666,1.0,True,0,4,98022,1820,0,1966,0,98022,47.1803,-121.97399999999999,2050,43560,201410,1820,2
2781280390,290000.0,3.0,2.5,1610,2937,2.0,True,0,3,98055,1610,0,2006,0,98055,47.4489,-122.18799999999999,1610,3049,201503,1610,2
9542830350,296000.0,4.0,2.5,1780,3600,2.0,True,0,3,98038,1780,0,2006,0,98038,47.3665,-122.01700000000001,2020,3802,201409,1780,2
1123049053,360000.0,4.0,2.5,1840,9611,2.0,True,0,3,98178,1840,0,1996,0,98178,47.4964,-122.251,1830,8505,201502,1830,2
8018600765,240500.0,3.0,1.75,1460,10584,1.0,True,0,3,98168,990,470,1997,0,98168,47.492,-122.31700000000001,1220,12012,201406,1460,1
3278600240,372500.0,2.0,2.5,1400,2958,2.0,True,0,3,98126,1400,0,2007,0,98126,47.5496,-122.37299999999999,1540,2385,201407,1400,2
7846200070,595000.0,3.0,2.5,3370,14402,2.0,True,2,3,98045,3370,0,2004,0,98045,47.5008,-121.77600000000001,3330,9691,201410,3370,3
662310400,515000.0,4.0,3.0,3590,8249,2.0,True,0,3,98023,3590,0,1997,0,98023,47.2846,-122.34100000000001,2860,7995,201410,3590,3
8651100140,1220000.0,4.0,2.25,3200,15367,2.0,True,0,4,98040,3200,0,1962,0,98040,47.5494,-122.21600000000001,3070,15263,201408,3200,3
8682250350,507000.0,2.0,1.75,1670,6460,1.0,True,0,3,98053,1670,0,2004,0,98053,47.7123,-122.027,2170,6254,201410,1670,3
3211230260,399950.0,4.0,2.0,2420,31465,1.0,True,0,3,98092,2420,0,1984,0,98092,47.3131,-122.115,2560,32186,201502,2560,2
4233400340,185000.0,3.0,1.75,1430,10816,2.0,True,0,3,98010,1430,0,1994,0,98010,47.3122,-121.99600000000001,1560,10816,201408,1430,1
7199350340,460000.0,3.0,1.75,1440,7070,1.0,True,0,3,98052,1440,0,1980,0,98052,47.6947,-122.125,1440,7210,201408,1440,3
3904901710,435500.0,3.0,2.25,1450,4789,2.0,True,0,3,98029,1450,0,1985,0,98029,47.5665,-122.01799999999999,1560,4490,201502,1560,3
240000058,469000.0,4.0,2.75,3550,13938,1.0,True,0,5,98188,2100,1450,1966,0,98188,47.425,-122.28299999999999,2050,9000,201504,2050,3
6865200444,531000.0,2.0,3.0,1270,1175,2.0,True,0,3,98103,1110,160,2000,0,98103,47.6634,-122.34,1290,1800,201405,1270,3
9498200046,443500.0,2.0,1.0,940,6804,1.0,True,0,3,98177,940,0,1949,0,98177,47.7047,-122.37299999999999,1150,6930,201502,1150,3
1796380960,223000.0,3.0,2.0,1670,6824,1.0,True,0,3,98042,1300,370,1990,0,98042,47.3666,-122.084,1660,7586,201411,1670,1
5631500868,590000.0,4.0,3.5,3100,15842,2.0,True,0,3,98028,2400,700,1996,0,98028,47.7466,-122.242,2200,19400,201504,2200,3
3126049411,340000.0,2.0,2.5,1100,1760,3.0,True,0,3,98103,1100,0,1997,0,98103,47.6972,-122.35,1200,1415,201412,1100,2
2321300390,650000.0,3.0,2.0,1870,3388,1.0,True,0,4,98199,1230,640,1925,0,98199,47.6372,-122.395,1780,4050,201411,1870,3
3905040800,533600.0,3.0,2.5,1930,5080,2.0,True,0,4,98029,1930,0,1990,0,98029,47.5694,-122.001,2190,5085,201409,1930,3
4379400260,695000.0,3.0,2.75,2540,4694,2.0,True,0,3,98074,2540,0,2005,0,98074,47.6214,-122.024,2600,6344,201406,2540,3
5115000160,242000.0,3.0,1.75,1280,7524,1.5,True,0,4,98031,1280,0,1988,0,98031,47.3961,-122.18799999999999,1500,7777,201406,1280,2
2826049234,425000.0,3.0,2.25,1820,8814,1.0,True,0,3,98125,1280,540,1967,0,98125,47.7162,-122.309,1810,7515,201501,1810,3
6600700030,525000.0,3.0,2.25,1490,9414,2.0,True,0,3,98052,1490,0,1981,0,98052,47.6844,-122.113,1290,10125,201505,1290,3
3904930240,485000.0,3.0,2.5,1880,5502,2.0,True,0,3,98029,1880,0,1988,0,98029,47.5737,-122.01799999999999,2040,5411,201409,1880,3
9407110700,175000.0,3.0,1.0,1250,9775,1.0,True,0,3,98045,1250,0,1971,0,98045,47.4474,-121.771,1390,9650,201501,1390,1
1682500160,210000.0,3.0,2.0,1440,7210,1.0,True,0,3,98092,1440,0,1983,0,98092,47.3128,-122.184,1700,7245,201406,1440,1
8078570390,260000.0,3.0,2.5,1920,7415,2.0,True,0,3,98031,1920,0,1989,0,98031,47.4022,-122.171,1930,7536,201504,1930,2
3010300240,577000.0,3.0,2.5,2060,5750,1.0,True,0,3,98116,1330,730,1976,0,98116,47.5671,-122.391,1920,5750,201406,2060,3
9500900135,200000.0,3.0,1.5,1210,10588,1.0,True,0,4,98002,1210,0,1958,0,98002,47.2876,-122.212,1408,10588,201410,1210,1
461001615,605000.0,2.0,1.75,1760,5000,1.0,True,0,4,98117,940,820,1927,0,98117,47.681999999999995,-122.37200000000001,1530,5000,201502,1530,3
6411600069,325000.0,3.0,1.0,990,6750,1.0,True,0,4,98133,990,0,1947,0,98133,47.7125,-122.331,1440,6860,201405,990,2
7812800565,289500.0,3.0,1.0,960,6400,1.0,True,0,4,98178,820,140,1944,0,98178,47.496,-122.23899999999999,1200,6600,201408,960,2
7548300731,559950.0,3.0,2.5,1660,1458,3.0,True,0,3,98144,1660,0,2014,0,98144,47.5876,-122.309,1660,1784,201408,1660,3
8925100390,1040000.0,3.0,1.75,1900,9375,1.0,True,1,4,98115,1330,570,1941,0,98115,47.6821,-122.273,2760,9375,201504,2760,3
7010700292,543500.0,3.0,2.25,1270,2790,1.0,True,0,3,98199,990,280,1970,0,98199,47.6581,-122.396,1920,4000,201410,1270,3
9485951170,480000.0,4.0,2.25,3250,34293,2.0,True,0,4,98042,3250,0,1983,0,98042,47.3496,-122.094,3110,35982,201405,3250,3
5437820310,218000.0,3.0,1.0,960,9633,1.0,True,0,5,98022,960,0,1982,0,98022,47.1951,-122.001,1080,8610,201405,960,1
582000135,565000.0,2.0,1.75,1330,6000,1.0,True,0,4,98199,960,370,1914,1945,98199,47.6539,-122.396,1620,6000,201406,1330,3
3204800370,426700.0,3.0,1.75,2080,7700,1.0,True,0,5,98056,1600,480,1968,0,98056,47.5375,-122.178,1680,7700,201412,2080,3
8832900550,650000.0,3.0,2.5,2690,11575,1.0,True,3,3,98028,2130,560,1957,0,98028,47.7605,-122.26700000000001,2390,11782,201409,2690,3
9550204515,542000.0,2.0,1.0,890,3060,1.0,True,0,3,98105,770,120,1910,0,98105,47.6663,-122.32600000000001,1760,4080,201409,890,3
7199330390,415000.0,3.0,1.75,1070,8000,1.0,True,0,3,98052,1070,0,1977,0,98052,47.6978,-122.13,1200,7990,201406,1070,3
6131600060,214000.0,3.0,1.0,1200,8316,1.0,True,0,4,98002,1200,0,1953,0,98002,47.3221,-122.215,1200,8316,201408,1200,1
5379805460,245000.0,3.0,1.5,1360,8910,2.0,True,0,5,98188,1360,0,1949,0,98188,47.4488,-122.275,1220,8912,201501,1220,2
7212652180,314500.0,3.0,2.0,2050,13303,1.0,True,0,3,98003,2050,0,1993,0,98003,47.2681,-122.31,2180,11590,201407,2050,2
6379500640,1120000.0,3.0,1.5,3000,5750,2.0,True,0,5,98116,2000,1000,1924,0,98116,47.5821,-122.39,1820,5750,201504,1820,3
4315700060,378000.0,2.0,2.0,1300,3850,1.0,True,0,3,98136,800,500,1963,0,98136,47.5395,-122.39,950,5500,201503,950,2
3329500060,305000.0,4.0,2.5,2250,9091,1.0,True,0,3,98001,1340,910,1982,0,98001,47.336000000000006,-122.26899999999999,1540,7802,201407,2250,2
4140090320,595000.0,5.0,2.75,3740,6750,1.0,True,0,4,98028,1980,1760,1978,0,98028,47.7679,-122.26100000000001,2620,7920,201503,2620,3
9385200045,729500.0,3.0,2.5,1660,1091,3.0,True,1,3,98116,1530,130,2015,0,98116,47.5818,-122.402,1510,1352,201505,1510,3
7852180340,430000.0,3.0,2.5,2360,6699,2.0,True,0,3,98065,2360,0,2003,0,98065,47.5317,-121.853,2360,4744,201409,2360,3
1545804340,240000.0,3.0,1.75,1760,6500,1.0,True,0,3,98038,1150,610,1987,0,98038,47.3647,-122.05,1760,8125,201504,1760,1
2490200320,545000.0,3.0,1.75,1680,6200,1.5,True,0,3,98136,1680,0,1916,0,98136,47.5338,-122.384,1680,5100,201503,1680,3
2218000335,530000.0,3.0,1.75,1320,2500,1.0,True,0,3,98105,870,450,1918,0,98105,47.6681,-122.305,1580,2750,201407,1320,3
922049078,157000.0,1.0,1.0,870,26326,1.0,True,0,3,98198,870,0,1939,0,98198,47.4152,-122.3,1250,10608,201411,870,1
2586800270,425000.0,4.0,1.0,1260,7645,1.5,True,0,3,98146,1260,0,1925,0,98146,47.5044,-122.35,1170,7649,201504,1170,3
4338800370,220000.0,3.0,1.0,1000,6020,1.0,True,0,3,98166,1000,0,1944,0,98166,47.4793,-122.346,1300,8640,201411,1000,1
7214700350,521000.0,4.0,1.75,2020,36400,1.0,True,0,4,98077,1550,470,1976,0,98077,47.7627,-122.07600000000001,2520,38255,201411,2020,3
3226200105,325000.0,3.0,1.0,1920,6862,1.0,True,2,3,98118,1120,800,1952,0,98118,47.5193,-122.274,2000,6900,201405,1920,2
2324039036,597500.0,3.0,2.0,2150,5400,1.5,True,0,4,98126,1380,770,1911,0,98126,47.555,-122.37899999999999,1940,6500,201504,1940,3
7849202231,337000.0,3.0,2.5,1470,3976,2.0,True,0,3,98065,1470,0,1999,0,98065,47.526,-121.82600000000001,1490,4400,201407,1470,2
5196410260,1000000.0,3.0,2.5,3180,10492,2.0,True,2,3,98052,3180,0,1991,0,98052,47.655,-122.124,3000,9812,201504,3000,3
3760500116,3070000.0,3.0,2.5,3930,55867,1.0,True,4,4,98034,2330,1600,1957,0,98034,47.7022,-122.22399999999999,2730,26324,201411,3930,3
2985800030,495000.0,3.0,1.0,990,6000,1.0,True,0,3,98105,990,0,1943,0,98105,47.6718,-122.26700000000001,1250,6000,201405,990,3
259900160,748000.0,4.0,3.5,2770,3330,2.0,True,0,3,98052,1970,800,2001,0,98052,47.6327,-122.109,2180,3380,201501,2180,3
708000030,888000.0,3.0,1.5,1250,8710,1.0,True,0,4,98004,1250,0,1953,0,98004,47.6245,-122.198,1750,9185,201409,1250,3
192460310,269900.0,3.0,1.75,1140,22267,1.0,True,0,3,98045,1140,0,1986,0,98045,47.4761,-121.758,1150,15625,201503,1150,2
9412200260,496500.0,4.0,2.5,2250,14440,1.0,True,0,3,98027,1550,700,1967,0,98027,47.5221,-122.045,2090,11400,201411,2250,3
1062100116,475000.0,3.0,2.5,1640,5097,2.0,True,0,3,98155,1640,0,1969,0,98155,47.7522,-122.27799999999999,1880,6000,201501,1880,3
6798100662,312000.0,3.0,1.5,1255,1374,3.0,True,0,3,98125,1255,0,2004,0,98125,47.7145,-122.311,1307,1232,201405,1255,2
1775920350,323000.0,3.0,1.0,1290,12231,1.0,True,0,3,98072,1290,0,1976,0,98072,47.7404,-122.11,1390,11632,201411,1290,2
2525500260,331000.0,3.0,1.75,1300,9079,1.0,True,0,3,98059,1300,0,1986,0,98059,47.4834,-122.15899999999999,1890,7369,201411,1300,2
6145600041,306000.0,3.0,1.5,1220,1086,3.0,True,0,3,98133,1220,0,2007,0,98133,47.7049,-122.353,1220,1422,201405,1220,2
3300701615,655000.0,4.0,2.5,2630,4000,3.0,True,0,3,98117,2630,0,2002,0,98117,47.6915,-122.381,1640,4000,201409,2630,3
5151600340,290000.0,3.0,1.5,1950,15954,1.0,True,0,4,98003,1950,0,1959,0,98003,47.336000000000006,-122.319,1940,12667,201407,1950,2
7613700521,1250000.0,4.0,3.25,3160,5000,2.0,True,0,5,98105,2360,800,1965,0,98105,47.6597,-122.274,2220,4000,201408,3160,3
2710600045,460000.0,3.0,1.75,1550,4708,1.0,True,0,4,98115,860,690,1949,0,98115,47.6759,-122.286,1880,5600,201406,1550,3
5101405124,435000.0,4.0,2.5,1700,6380,1.0,True,0,4,98115,850,850,1940,0,98115,47.6988,-122.319,1380,6380,201409,1700,3
6067910030,664000.0,4.0,2.75,2510,11880,1.0,True,0,5,98006,1630,880,1978,0,98006,47.5427,-122.181,2390,11211,201503,2390,3
1959701890,865000.0,4.0,1.75,1800,4180,2.0,True,3,4,98102,1800,0,1921,0,98102,47.6462,-122.318,2180,4620,201407,1800,3
1402200340,385000.0,3.0,1.75,1800,18000,1.0,True,0,3,98058,1200,600,1968,0,98058,47.4406,-122.146,1800,18000,201408,1800,2
3558900070,497000.0,3.0,2.25,1870,9315,1.0,True,0,3,98034,1350,520,1975,0,98034,47.705,-122.20200000000001,2230,9579,201407,1870,3
7846700310,280000.0,2.0,1.0,1010,3000,1.0,True,0,4,98045,1010,0,1925,0,98045,47.4965,-121.785,1150,7000,201406,1010,2
3348401740,188000.0,2.0,1.5,1120,17487,1.0,True,0,3,98178,1120,0,1924,0,98178,47.5024,-122.271,1690,8056,201501,1690,1
3013300288,478500.0,3.0,1.0,2090,4755,1.0,True,2,3,98136,1200,890,1969,0,98136,47.5304,-122.387,1850,5300,201409,2090,3
7852070060,1150000.0,4.0,3.5,4370,18361,2.0,True,0,3,98065,4370,0,2001,0,98065,47.544,-121.87200000000001,4190,13641,201407,4370,3
5029450160,222000.0,3.0,2.0,1440,7187,1.0,True,0,4,98023,970,470,1981,0,98023,47.291000000000004,-122.368,1440,7187,201408,1440,1
3526069070,799000.0,4.0,3.0,2580,209523,2.0,True,0,3,98053,2580,0,1984,0,98053,47.6932,-122.006,3440,213444,201405,2580,3
5104540240,609900.0,4.0,2.5,3190,7399,2.0,True,0,3,98038,3190,0,2006,0,98038,47.3558,-122.00399999999999,3250,7323,201406,3190,3
3438500486,413000.0,4.0,3.5,2380,5809,2.0,True,0,4,98106,1750,630,1995,0,98106,47.5536,-122.359,1620,5775,201410,2380,3
5102400105,400000.0,4.0,1.0,1420,4875,1.5,True,0,3,98115,1420,0,1930,0,98115,47.6942,-122.321,1110,5413,201410,1420,2
2346200030,802541.0,5.0,2.75,2990,6768,2.0,True,0,3,98006,2990,0,2014,0,98006,47.5462,-122.182,2870,6768,201501,2870,3
1321710030,320000.0,3.0,2.5,2680,7757,2.0,True,0,3,98023,2680,0,1990,0,98023,47.2918,-122.346,2430,8231,201405,2680,2
7853290030,507000.0,4.0,2.5,2730,7649,2.0,True,0,3,98065,2730,0,2006,0,98065,47.5441,-121.882,2730,6216,201503,2730,3
1566100400,387500.0,3.0,1.0,1220,8329,1.0,True,0,3,98115,1220,0,1946,0,98115,47.6982,-122.29799999999999,1490,8322,201409,1220,2
1775800800,396000.0,3.0,1.0,1500,12616,1.0,True,0,3,98072,1500,0,1967,0,98072,47.7415,-122.101,1820,13950,201502,1820,2
9133600075,373000.0,3.0,1.75,1830,11788,1.0,True,1,3,98055,1430,400,1958,0,98055,47.4862,-122.22399999999999,2140,11964,201408,1830,2
5450900060,1480000.0,5.0,2.5,4570,19252,2.0,True,0,5,98040,4570,0,1965,0,98040,47.5553,-122.22,3180,13314,201409,4570,3
1402600700,359900.0,4.0,2.25,2470,7698,2.0,True,0,3,98058,2470,0,1983,0,98058,47.4406,-122.141,2330,7986,201407,2470,2
8024200350,410000.0,2.0,1.0,800,4342,1.0,True,0,3,98115,670,130,1927,0,98115,47.6997,-122.316,1210,4343,201503,1210,3
3121500340,690000.0,4.0,2.5,2900,23488,2.0,True,0,3,98053,2900,0,1992,0,98053,47.6726,-122.03,2900,34589,201407,2900,3
7697870860,245000.0,3.0,2.0,1410,5760,1.0,True,0,3,98030,1410,0,1985,0,98030,47.3702,-122.185,1670,6222,201406,1410,2
7527200030,700000.0,5.0,2.5,2830,25958,1.0,True,1,5,98075,1610,1220,1979,0,98075,47.5896,-122.083,2670,21567,201412,2830,3
2013200390,268000.0,4.0,1.75,1680,9966,1.0,True,0,3,98198,1100,580,1977,0,98198,47.3923,-122.311,2400,10369,201409,1680,2
766500030,225000.0,3.0,1.75,1760,26055,1.0,True,0,3,98042,920,840,1979,0,98042,47.3664,-122.1,1350,13475,201406,1760,1
6664000030,980000.0,4.0,2.25,2240,11034,2.0,True,0,3,98004,2240,0,1976,0,98004,47.5894,-122.195,2300,11550,201410,2240,3
9349900105,795000.0,2.0,1.0,1380,5000,1.5,True,2,3,98106,1380,0,1905,0,98106,47.5708,-122.359,1500,5000,201504,1500,3
1895000045,195000.0,2.0,1.0,820,5100,1.0,True,0,3,98118,820,0,1953,0,98118,47.5156,-122.262,1170,5304,201505,1170,1
6205500030,480000.0,4.0,2.0,2180,10575,1.0,True,0,2,98005,1730,450,1950,0,98005,47.589,-122.177,2180,12010,201411,2180,3
7011200260,485000.0,4.0,2.0,1400,3600,1.0,True,0,3,98119,1100,300,1900,0,98119,47.6385,-122.37,1630,2048,201412,1400,3
41000454,130000.0,2.0,1.0,880,9000,1.0,True,0,3,98188,880,0,1928,0,98188,47.4672,-122.291,1410,10000,201408,880,1
7203600550,325000.0,2.0,1.0,1060,5703,1.0,True,2,4,98198,1060,0,1946,0,98198,47.3444,-122.32700000000001,2240,4416,201408,1060,2
9477200560,440000.0,3.0,1.75,1530,7245,1.0,True,0,4,98034,1530,0,1984,0,98034,47.731,-122.191,1530,7490,201504,1530,3
4022907770,550000.0,4.0,1.75,2480,14782,1.0,True,3,3,98155,1460,1020,1958,0,98155,47.7646,-122.271,2910,10800,201410,2480,3
5231000060,310000.0,3.0,1.75,1490,7150,1.0,True,0,5,98059,1490,0,1967,0,98059,47.5015,-122.124,1350,9100,201408,1490,2
6055000310,530000.0,3.0,2.5,3660,39478,2.0,True,2,4,98022,3260,400,1989,0,98022,47.2413,-121.97200000000001,2700,38312,201407,3660,3
3216900060,390000.0,4.0,2.5,2340,8548,2.0,True,0,3,98031,2340,0,1993,0,98031,47.4206,-122.18299999999999,1970,6818,201406,2340,2
7967200060,243000.0,3.0,1.75,1450,12125,1.0,True,0,4,98001,1450,0,1981,0,98001,47.3575,-122.28,1210,12125,201409,1450,2
8077210350,639000.0,4.0,2.5,2210,9875,2.0,True,0,3,98074,2210,0,1990,0,98074,47.6285,-122.025,2440,8799,201407,2210,3
7203000640,215000.0,4.0,1.0,1130,7400,1.0,True,0,4,98003,1130,0,1969,0,98003,47.3437,-122.316,1540,7379,201409,1130,1
2988000070,405000.0,5.0,1.75,1550,10500,1.0,True,0,3,98011,1100,450,1961,0,98011,47.7573,-122.22,1420,9823,201503,1420,3
3832200070,250000.0,4.0,1.75,1710,7140,1.0,True,0,5,98032,1010,700,1968,0,98032,47.3745,-122.275,1770,8960,201412,1710,2
3670500710,405500.0,3.0,1.5,1010,8108,1.0,True,0,5,98155,1010,0,1954,0,98155,47.7359,-122.309,1300,8108,201407,1010,3
8820903380,452000.0,6.0,2.25,2660,13579,2.0,True,0,3,98125,2660,0,1937,1990,98125,47.7142,-122.286,1120,8242,201407,2660,3
8820903380,730000.0,6.0,2.25,2660,13579,2.0,True,0,3,98125,2660,0,1937,1990,98125,47.7142,-122.286,1120,8242,201501,1120,3
4233400400,267000.0,3.0,2.0,1300,9644,1.0,True,0,3,98010,1300,0,1994,0,98010,47.3131,-121.99799999999999,1430,9656,201504,1430,2
3793500550,289950.0,3.0,2.5,1670,6186,2.0,True,0,3,98038,1670,0,2002,0,98038,47.3668,-122.031,2390,6924,201408,1670,2
6431000270,565000.0,2.0,1.0,960,4080,1.0,True,0,5,98103,960,0,1911,0,98103,47.6893,-122.34899999999999,1300,4080,201407,960,3
2225059214,1580000.0,4.0,3.25,4670,51836,2.0,True,0,4,98005,4670,0,1988,0,98005,47.635,-122.164,4230,41075,201408,4670,3
7694800270,636000.0,3.0,2.5,2140,2770,2.0,True,0,3,98052,1770,370,2007,0,98052,47.6664,-122.131,2510,2708,201504,2510,3
2171400197,350000.0,5.0,3.0,2520,5500,1.0,True,0,3,98178,1550,970,2004,0,98178,47.4938,-122.255,1700,8000,201409,2520,2
2473400340,320000.0,3.0,1.5,1650,9380,1.0,True,0,5,98058,1130,520,1978,0,98058,47.4525,-122.162,1720,8856,201406,1650,2
3530490070,210000.0,2.0,1.75,1440,5680,1.0,True,0,4,98198,1440,0,1978,0,98198,47.3825,-122.319,1320,3547,201406,1440,1
1932300075,245000.0,2.0,1.0,1050,5900,1.0,True,0,3,98126,1050,0,1950,0,98126,47.5326,-122.376,1280,5900,201409,1050,2
2525000510,328000.0,3.0,1.75,1470,7650,1.0,True,0,3,98059,1130,340,1983,0,98059,47.4818,-122.161,1590,7500,201411,1470,2
1853000510,985000.0,4.0,2.25,4230,37769,2.0,True,0,3,98077,4230,0,1989,0,98077,47.7287,-122.07700000000001,3890,37034,201405,4230,3
1742800060,501000.0,3.0,1.75,1970,7972,1.0,True,3,5,98055,1370,600,1976,0,98055,47.4908,-122.225,2460,9796,201406,1970,3
2723089104,315000.0,3.0,2.25,1540,17424,2.0,True,0,3,98045,1540,0,1992,0,98045,47.4429,-121.759,1560,11439,201409,1540,2
2619950350,403000.0,3.0,2.75,2090,8354,2.0,True,0,3,98019,2090,0,2012,0,98019,47.7336,-121.965,2280,6348,201405,2090,2
4021100045,550000.0,3.0,2.0,2380,17950,2.0,True,0,4,98155,2110,270,1934,0,98155,47.7591,-122.28,2030,23900,201407,2380,3
731500200,347500.0,4.0,2.5,2156,3562,2.0,True,0,3,98030,2156,0,2012,0,98030,47.3591,-122.20100000000001,1708,3539,201501,1708,2
2591820310,365000.0,4.0,2.25,2070,8893,2.0,True,0,4,98058,2070,0,1986,0,98058,47.4388,-122.162,2390,7700,201410,2070,2
3626039299,588000.0,3.0,1.0,1910,8167,1.0,True,0,4,98117,1270,640,1951,0,98117,47.7004,-122.368,1500,6816,201502,1500,3
9346980140,605000.0,3.0,1.75,1920,7400,1.0,True,0,4,98006,1260,660,1977,0,98006,47.5633,-122.131,2360,8048,201408,1920,3
6613000140,1300000.0,3.0,3.25,3400,5979,2.0,True,0,4,98105,2290,1110,1937,0,98105,47.6585,-122.273,3090,6435,201411,3400,3
8159610060,233000.0,3.0,2.0,1400,9177,1.0,True,0,3,98001,1400,0,1974,0,98001,47.3415,-122.272,2020,8547,201411,1400,1
7830800339,360000.0,4.0,2.5,2210,17715,2.0,True,0,3,98030,2210,0,1997,0,98030,47.3818,-122.2,2210,16907,201407,2210,2
1588600045,459000.0,2.0,1.75,1170,4887,1.0,True,0,3,98117,1020,150,1929,0,98117,47.695,-122.366,1170,5441,201412,1170,3
826069046,740000.0,3.0,2.0,2100,72745,1.0,True,0,4,98077,2100,0,1995,0,98077,47.7479,-122.06200000000001,2290,54885,201411,2100,3
1771000890,305000.0,3.0,1.0,1160,9750,1.0,True,0,3,98077,1160,0,1967,0,98077,47.7422,-122.073,1160,9650,201409,1160,2
3300701170,395000.0,3.0,1.0,1500,4000,1.0,True,0,3,98117,900,600,1925,0,98117,47.6921,-122.38,950,4000,201406,1500,2
7340500270,560000.0,4.0,2.5,2940,6000,2.0,True,0,3,98011,2940,0,2000,0,98011,47.7533,-122.198,2510,6600,201501,2510,3
9277200111,650000.0,4.0,1.75,2010,5070,1.0,True,1,4,98116,1300,710,1963,0,98116,47.5793,-122.402,2180,5400,201407,2010,3
293720140,449950.0,3.0,2.5,2170,4912,2.0,True,0,3,98028,2170,0,2003,0,98028,47.7767,-122.23899999999999,2010,4395,201406,2170,3
579003610,517500.0,3.0,1.5,1430,5200,1.0,True,3,4,98117,1250,180,1940,0,98117,47.6988,-122.387,2210,6240,201502,2210,3
1138020200,435000.0,4.0,1.5,1510,6460,1.0,True,0,3,98034,1070,440,1970,0,98034,47.7121,-122.214,1450,6630,201409,1510,3
3432500200,329999.0,3.0,1.0,1150,6908,1.0,True,0,3,98155,800,350,1952,0,98155,47.7447,-122.31299999999999,1150,6908,201504,1150,2
1563102435,950000.0,3.0,1.75,2150,4200,1.0,True,4,5,98116,1140,1010,1960,0,98116,47.5671,-122.405,2510,7500,201412,2150,3
3959400710,447000.0,3.0,1.0,1370,6001,1.0,True,0,5,98108,1230,140,1944,0,98108,47.5646,-122.31700000000001,1370,5520,201407,1370,3
8682300890,699800.0,2.0,2.5,2380,6600,1.0,True,0,3,98053,2380,0,2010,0,98053,47.717,-122.02,1870,6600,201408,2380,3
4385700765,850000.0,3.0,1.75,1370,3850,1.0,True,0,5,98112,770,600,1911,1988,98112,47.6374,-122.279,1390,3600,201406,1370,3
5149300200,316500.0,3.0,1.75,1600,14250,1.0,True,0,3,98023,1070,530,1979,0,98023,47.3272,-122.355,2140,14960,201409,1600,2
9323600060,942500.0,5.0,3.5,3750,9612,1.0,True,2,4,98006,2030,1720,1981,0,98006,47.5511,-122.15700000000001,3270,9688,201407,3750,3
9273200140,1310000.0,2.0,2.25,3950,3938,2.0,True,4,3,98116,2910,1040,1991,0,98116,47.5912,-122.384,3220,4500,201501,3220,3
9542300320,856600.0,4.0,2.25,2400,13430,1.0,True,0,4,98005,2400,0,1964,0,98005,47.5987,-122.178,2580,10077,201502,2580,3
770000045,405600.0,5.0,1.5,2830,4000,2.5,True,0,4,98118,2830,0,1918,0,98118,47.5132,-122.262,1480,4000,201410,2830,3
6979900390,565000.0,4.0,2.5,2440,22594,2.0,True,0,3,98053,2440,0,1996,0,98053,47.6333,-121.97,2560,33341,201405,2440,3
6379500159,400000.0,3.0,2.25,1190,1149,2.0,True,0,3,98116,1050,140,2008,0,98116,47.5818,-122.387,1210,1316,201409,1190,2
826079094,330000.0,3.0,2.0,1400,218252,1.0,True,0,3,98019,1400,0,1997,0,98019,47.7576,-121.934,2230,218222,201503,2230,2
8856940060,374950.0,4.0,2.75,2730,4683,2.0,True,0,3,98038,2730,0,2005,0,98038,47.3608,-122.04299999999999,2230,4924,201502,2230,2
2972300060,405300.0,3.0,2.75,2390,7939,1.0,True,0,5,98056,1610,780,1983,0,98056,47.4987,-122.166,1920,7939,201412,2390,3
3575200070,560000.0,3.0,2.25,2060,31400,2.0,True,0,3,98074,2060,0,1984,0,98074,47.6216,-122.056,2160,34500,201411,2060,3
8146100270,824000.0,4.0,2.25,2490,9864,1.0,True,0,4,98004,1290,1200,1961,0,98004,47.6051,-122.195,2360,9864,201503,2360,3
8648200030,260000.0,3.0,1.75,1100,10968,1.0,True,0,5,98042,1100,0,1984,0,98042,47.363,-122.08,1400,7799,201407,1100,2
208500160,760000.0,4.0,2.5,2430,6099,1.0,True,0,5,98115,1470,960,1965,0,98115,47.6777,-122.287,2180,6099,201501,2180,3
1196003428,405000.0,3.0,2.5,3170,12750,2.0,True,0,3,98023,2360,810,1995,0,98023,47.3384,-122.336,2970,13125,201406,3170,3
5104450990,429900.0,4.0,2.5,2640,8625,2.0,True,0,3,98058,2640,0,1987,0,98058,47.4598,-122.15,2240,8700,201406,2640,3
3343901234,341500.0,3.0,1.5,1130,7223,1.0,True,0,4,98056,1130,0,1961,0,98056,47.5089,-122.189,1320,7356,201411,1130,2
226039214,465250.0,5.0,2.0,1940,7642,1.5,True,0,3,98177,1940,0,1957,0,98177,47.7751,-122.38,1940,8724,201406,1940,3
1623300160,450000.0,2.0,2.0,1100,3000,1.5,True,0,3,98117,1100,0,1912,2005,98117,47.6797,-122.36200000000001,1390,4000,201405,1100,3
2205500575,390000.0,3.0,1.0,1200,10800,1.0,True,0,4,98006,1200,0,1955,0,98006,47.5771,-122.14399999999999,1370,9950,201502,1370,2
4040800810,420000.0,3.0,2.25,2000,8030,1.0,True,0,4,98008,1000,1000,1963,0,98008,47.6188,-122.11399999999999,2070,8250,201405,2000,3
2612000390,269950.0,3.0,2.5,1890,4838,2.0,True,0,3,98168,1730,160,2002,0,98168,47.4802,-122.279,1910,7409,201406,1890,2
3814400125,493000.0,4.0,2.0,1910,2874,1.0,True,0,3,98122,1060,850,1910,0,98122,47.6101,-122.295,1520,2874,201410,1910,3
7300400060,370000.0,4.0,2.5,2710,5880,2.0,True,0,3,98092,2710,0,1998,0,98092,47.3314,-122.17200000000001,2520,6000,201405,2710,2
1954700695,2250000.0,5.0,4.25,4860,9453,1.5,True,1,5,98112,3100,1760,1905,0,98112,47.6196,-122.286,3150,8557,201406,4860,3
7230200340,305000.0,3.0,1.0,1250,23680,1.0,True,0,5,98059,1250,0,1967,0,98059,47.475,-122.11,1450,23680,201502,1450,2
3191000240,400000.0,3.0,1.75,1590,8219,1.5,True,0,5,98034,970,620,1938,0,98034,47.7146,-122.21700000000001,2030,7504,201406,1590,2
1139000069,320000.0,3.0,1.5,1240,1221,2.0,True,0,3,98133,1050,190,2009,0,98133,47.7073,-122.35600000000001,1180,887,201411,1240,2
5693500270,715000.0,4.0,1.0,2000,4800,2.0,True,0,4,98103,2000,0,1911,0,98103,47.6583,-122.351,1260,1452,201501,1260,3
686500030,650000.0,6.0,2.75,3610,10003,1.5,True,0,4,98008,3610,0,1966,0,98008,47.6261,-122.125,2560,10004,201412,3610,3
8731901940,218000.0,5.0,1.75,1930,8040,1.0,True,0,4,98023,1930,0,1966,0,98023,47.3109,-122.376,2370,8000,201503,2370,1
2688100071,500000.0,2.0,1.0,1280,5400,1.0,True,0,3,98117,1280,0,1964,0,98117,47.6949,-122.37100000000001,1540,5670,201504,1540,3
2423069155,460000.0,4.0,2.0,2090,40419,1.0,True,0,4,98027,2090,0,1984,0,98027,47.4691,-121.993,2380,63162,201411,2090,3
2329500260,232500.0,3.0,1.5,1940,9887,1.0,True,0,4,98003,1140,800,1969,0,98003,47.3289,-122.32700000000001,1410,9936,201407,1940,1
2608300030,408200.0,3.0,2.5,1800,5761,2.0,True,0,4,98106,1800,0,1990,0,98106,47.5293,-122.363,1800,5952,201405,1800,3
1494300060,522000.0,3.0,1.75,1730,8400,1.0,True,0,4,98052,1400,330,1980,0,98052,47.6792,-122.115,1830,8636,201406,1730,3
7504101230,675000.0,4.0,2.5,2810,11120,2.0,True,0,3,98074,2810,0,1982,0,98074,47.6337,-122.044,3100,12672,201406,2810,3
8081020370,1360000.0,4.0,3.5,3550,11000,1.0,True,2,3,98006,2260,1290,1999,0,98006,47.5506,-122.134,4100,10012,201407,3550,3
1446800511,249950.0,4.0,1.0,1330,7980,1.5,True,0,3,98168,1330,0,1952,0,98168,47.492,-122.333,1570,8588,201410,1330,2
1623049062,210000.0,2.0,1.0,750,34133,1.0,True,0,3,98168,750,0,1950,0,98168,47.4781,-122.294,1460,25792,201503,1460,1
6145601000,429950.0,4.0,1.0,1760,7216,1.0,True,0,3,98133,1090,670,1947,0,98133,47.7041,-122.355,1180,3844,201407,1760,3
205000520,737500.0,4.0,2.5,3200,36276,2.0,True,0,3,98053,3200,0,1993,0,98053,47.6304,-121.994,2930,33171,201410,3200,3
3885805935,710000.0,4.0,2.0,1740,9000,1.0,True,0,5,98033,1740,0,1958,0,98033,47.6815,-122.198,1850,7700,201409,1740,3
7852020640,470000.0,3.0,2.5,2100,4700,2.0,True,0,3,98065,2100,0,1999,0,98065,47.5341,-121.867,2100,4700,201410,2100,3
6838800140,1100000.0,4.0,3.5,4270,40097,1.0,True,0,4,98077,4270,0,1993,0,98077,47.7354,-122.07799999999999,3510,36149,201502,3510,3
4083305445,650000.0,3.0,2.0,1340,2720,1.5,True,0,3,98103,1340,0,1913,0,98103,47.6518,-122.335,2030,4590,201408,1340,3
7855801610,1220000.0,4.0,2.5,3190,8684,1.0,True,3,5,98006,1680,1510,1967,0,98006,47.5619,-122.162,3160,8684,201405,3190,3
7940700260,422120.0,3.0,2.5,1630,4534,2.0,True,0,3,98034,1630,0,1987,0,98034,47.7148,-122.205,1380,4779,201501,1380,3
8854100350,625000.0,5.0,2.5,2990,15085,2.0,True,0,3,98011,2990,0,2007,0,98011,47.746,-122.21799999999999,3150,13076,201501,3150,3
4365200860,385200.0,4.0,1.0,1550,7740,1.5,True,0,3,98126,1550,0,1954,0,98126,47.5222,-122.375,1220,7740,201406,1550,2
